2460 4124
559 274 680 374 (228
712 277 727 381 )

195 381 340 495 Qum
365 378 474 470 male
501 388 766 485 mutilatam,
792 406 842 466 ex
878 380 1113 471 Dominloo

195 499 360 584 Maenio
389 498 429 582 in
455 499 734 611 Hyerolexico
750 556 762 599 ‚
778 499 900 583 refert
913 494 1111 589 Hotfma·

192 635 272 695 nus
302 611 520 696 inLexico
549 618 657 695 Tam.
684 641 720 694 2.
733 639 820 740 pag.
846 639 948 710 420.
977 615 1044 693 col.
1076 637 1108 694 1.

242 727 416 833 Majoris
446 723 578 808 modo
603 722 809 834 indaginis
824 782 837 824 ,
852 728 1108 836 plenumque

189 839 285 921 aleae
318 864 424 950 opus
448 840 526 924 erit
549 838 871 952 ,inquirere,an
894 835 1010 950 ligna
1030 833 1110 938 illa,

189 973 279 1060 quae
318 977 522 1066 apparent
566 955 607 1035 in
652 949 884 1067 peripheria
930 949 1105 1036 minoris

185 1062 362 1150 orbiculi
395 1123 406 1164 ‚
445 1063 512 1148 ubi
538 1071 652 1150 Crux
681 1123 693 1166 ,
725 1071 768 1147 &
800 1072 945 1174 Agnus
979 1061 1038 1147 est
1060 1063 1104 1142 in

182 1175 327 1260 Mensa
355 1179 585 1264 collocatus
622 1241 635 1286 ‚
667 1183 730 1263 vel
757 1179 884 1262 literae
912 1177 996 1264 sint
1029 1177 1104 1260 ali-

178 1291 287 1403 quid
315 1291 695 1402 fignificantes‚vel
730 1296 971 1376 ornamenti
1007 1312 1100 1374 taus

88 1437 91 1442 ’
178 1430 273 1489 tum
308 1405 427 1489 causa
474 1408 629 1490 fuerint
659 1404 813 1489 ibidem
842 1407 1059 1521 apposita«

230 1521 384 1602 Literas
413 1517 489 1602 else
514 1523 741 1632 opinantur
770 1525 962 1624 nonnulli
992 1573 1004 1618 ‚
1037 1517 1099 1596 in·

172 1648 234 1711 ter
263 1655 368 1741 quos
402 1632 657 1717 Dominicus
687 1635 795 1715 Mitt
839 1637 882 1720 in
912 1628 1098 1720 editione

168 1739 346 1854 operum
385 1746 518 1829 saneti
562 1742 807 1862 chrysologi
842 1806 855 1850 ,
905 1747 950 1828 in
993 1769 1096 1856 quo-

167 1881 262 1937 tum
283 1855 424 1941 fronte
466 1864 628 1946 Patenae
678 1882 826 1979 typum
871 1851 1096 1966 exhibuit,

164 1970 214 2053 iis
244 1969 414 2057 inferius
445 1971 596 2065 additis
631 1969 910 2060 carminibus:

274 2088 324 2168 lit
370 2117 531 2200 quanam
570 2090 720 2198 stgnent
779 2096 906 2200 queris
945 2146 960 2196 2
1010 2117 1082 2198 que

320 2224 531 2308 grammata
562 2210 698 2285 circum
726 2203 741 2278 ἓ

268 2313 427 2424 Oedipus
489 2319 664 2428 interpres
712 2345 783 2398 non
832 2311 916 2420 fitm
973 2341 1083 2424 ego,

323 2422 460 2507 Davus
487 2453 588 2533 ego.
918 2500 921 2505 .

154 2525 296 2614 Abbas
327 2533 428 2622 item
465 2534 671 2625 Pastritius
700 2538 742 2618 in
776 2535 851 2619 suo
884 2535 1080 2620 Ttastatu

1 2698 3 2705 r
111 2732 113 2736 ,
154 2641 206 2750 de
232 2644 369 2729 nostra
405 2653 602 2754 Patena,
644 2655 790 2736 Romae
816 2649 938 2735 edito
971 2673 1082 2735 anno

155 2757 391 2847 MDCCVI.
422 2765 554 2884 Typis
586 2768 759 2850 Antonii
804 2762 854 2847 de
881 2761 1074 2871 Rubeis,

61 2958 65 2966 ,
154 2887 236 2980 pro
275 2876 401 2959 literis
425 2874 536 2984 figna
567 2878 654 2960 haec
684 2880 834 2991 accipit
862 2907 873 2973 3
923 2881 966 2959 &
995 2881 1074 2990 pti·

148 3008 271 3072 anum
308 2994 527 3108 Anonymi
571 2989 782 3098 cujusdam
830 2994 1072 3104 interpreta·
1133 3074 1135 3079 ,

149 3098 311 3183 tionem
355 3101 589 3207 confutat,
620 3109 691 3218 qui
734 3131 879 3188 omnes
926 3104 1004 3190 has
1029 3110 1071 3191 li·
1133 3084 1135 3123 ¹

151 3230 259 3294 teras
302 3221 462 3312 Graecas
516 3218 590 3302 else
640 3219 802 3301 fibimet
862 3218 1062 3319 suadens,

142 3316 255 3406 lianc
279 3333 335 3409 eis
366 3328 710 3439 fignificationem
741 3333 1061 3420 effinxerat.1n-

148 3439 305 3561 cipiens
347 3448 460 3532 enim
515 3447 539 3538 ὲ
583 3445 688 3541 lolio
742 3449 816 3535 illo
864 3449 1062 3550 rosaceo,

888 3558 1008 3686 quod
1056 3664 1059 3671 ,
