2460 4124
528 253 703 359 (244)

169 355 434 476 presentati.
462 365 622 448 Verum
649 366 757 447 inre
786 376 874 443 tam
910 356 1071 447 obscura

164 478 279 560 maio
311 477 444 561 aliena
472 475 647 580 audire,
685 500 815 589 quarn
844 499 938 561 mea
984 503 1071 591 pro·

162 586 296 676 ferre.

223 706 303 788 His
331 705 390 790 ita
419 701 650 818 praehabitis
676 708 811 818 placet
840 699 975 786 modo
998 702 1067 787 ho-

161 842 257 900 rum
284 820 584 904 Meandrorurn
610 821 813 930 originem
846 816 971 902 attius
1006 817 1066 900 aii·

161 954 323 1041 quanto
374 950 555 1046 repetere
592 991 604 1014 .
652 933 854 1040 Praecipua
909 929 1060 1014 Roma-

158 1071 219 1124 nae
246 1046 415 1128 Tunicae
442 1069 687 1132 ornamenta
717 1043 843 1132 Buiiae
879 1041 1060 1157 quedam

160 1153 272 1238 fuere
313 1215 328 1260 ,
373 1159 428 1242 ad
463 1156 585 1242 instar
625 1161 841 1243 clavorum
882 1157 1060 1269 purpurei
1095 1168 1097 1181 '

157 1270 338 1356 coloris.
363 1275 618 1356 Tunicarum
645 1266 905 1388 Equestrium
938 1295 1054 1379 angu-

157 1381 342 1487 stiores,
384 1389 692 1471 Senatoriarum
736 1382 959 1493 ampliores
984 1413 995 1462 :
1018 1403 1056 1463 ur
1095 1442 1097 1471 2

156 1503 240 1606 jam
270 1493 326 1578 ad
352 1495 508 1580 horum
537 1498 732 1583 ordinum
758 1495 976 1586 discrimen
989 1503 1052 1582 La·
1094 1494 1097 1579 ζ

151 1613 325 1707 delevi,
357 1614 402 1690 δι
444 1617 700 1722 Angusticlavi
727 1611 959 1695 dicerentur
982 1605 1053 1692 :fi-
1094 1596 1096 1691 ἶ

151 1719 329 1832 quidem
353 1719 456 1805 fides
488 1727 663 1808 ortano
705 1724 887 1808 Ferrario
927 1721 977 1806 de
1017 1744 1054 1803 re
1093 1734 1096 1857 p

151 1829 335 1918 vestiaria
361 1838 444 1920 Lib.
481 1865 573 1919 ιη’.
612 1847 719 1954 cepit.
753 1866 813 1922 12.
852 1864 936 1954 pag.
967 1846 1049 1917 208.

148 1948 222 2058 qui
267 1947 459 2059 piurimis
505 1948 734 2035 Annorum
792 1947 1050 2044 testimoniis,

11 2097 16 2108 ·
147 2054 284 2142 nescio
308 2085 361 2140 an
392 2058 558 2174 sponte,
587 2093 640 2146 an
667 2092 742 2177 per
771 2066 857 2146 vim
887 2063 931 2144 in
952 2055 1051 2143 fuam

146 2170 397 2278 sententium
423 2176 609 2262 auduuis
636 2236 650 2279 ‚
678 2177 723 2260 id
767 2176 901 2263 nervis
931 2171 1051 2257 omni·

150 2286 227 2368 bus
253 2284 428 2398 probare
473 2290 730 2374 contendit.
768 2290 914 2373 Potior
953 2283 1052 2370 forti

148 2397 312 2481 Alberti
340 2398 520 2486 Rubenii
548 2406 693 2520 opinio
720 2462 732 2504 ,
757 2403 934 2486 ‘clavum
956 2395 1047 2485 scili-

146 2535 213 2607 cet
237 2517 560 2617 Romanorum,
587 2514 1050 2632 purpuraei'egmeutum
1093 2550 1095 2589 ι

146 2624 261 2708 fuiffe
288 2685 301 2730 ,
330 2628 372 2709 in
401 2652 570 2713 acutum
597 2625 819 2716 defindns:
862 2628 1049 2753 quodque
1092 2608 1095 2651 ¹

150 2740 204 2820 ab
228 2734 420 2852 superiori
462 2743 577 2824 vestis
611 2747 871 2837 extremitate
918 2741 971 2824 ad
998 2765 1050 2820 rn-

144 2853 294 2937 firnam
324 2848 451 2972 usque
483 2861 655 2970 postoris
686 2881 847 2971 partem
879 2848 1049 2938 deduco-

146 2966 308 3050 batur.
337 2968 457 3054 Unde
500 2974 701 3055 Horatius
744 2978 881 3054 Lutum
921 2963 1047 3071 demiſsi

124 3051 126 3054 Ι
137 3087 278 3196 periore
302 3085 473 3168 clauumt
498 3077 930 3197 Eademqueexhibet
958 3077 1045 3164 Hie·
1092 3158 1094 3167 .

142 3218 352 3304 ronymus
388 3198 431 3278 in
457 3189 604 3279 Isaiarn
630 3260 642 3301 ‚
667 3201 740 3311 qui
767 3201 955 3279 Gtaecam
979 3214 1045 3271 vo·

142 3333 246 3390 cem=
272 3327 507 3409 emturum,
537 3320 699 3398 tunicam
730 3313 926 3394 clavatam
963 3331 1045 3417 pur·

136 3422 230 3540 perd
274 3419 404 3510 latini
447 3419 668 3531 reddidit‚
706 3421 901 3625 lsrdorlueb
926 3419 1043 3504 etiam

796 3578 798 3583 '
863 3560 997 3632 lewe
