2460 4124
458 93 601 196 (53)

69 218 121 286 uc
143 223 248 288 cura
280 228 294 295 3
321 224 369 288 ut
409 203 636 314 Gregorius
665 206 880 290 Turonen.
913 210 984 289 Hi-

59 318 151 431 Jior.
182 318 319 403 uram.
347 318 413 400 lib.
438 346 475 410 7.
511 324 619 434 capit.
665 346 730 403 22.
759 323 891 403 vetuit
927 315 982 402 ad

68 432 158 514 noc
208 452 361 511 munus
389 428 528 515 addici
572 428 746 533 velurn,
788 435 982 547 quamvis

70 539 413 659 pretiosrffimum
448 603 464 648 ,
508 569 561 626 eo
597 545 698 655 quia
730 566 855 631 tenue
894 551 985 650 ‚be

59 654 334 771 ‘pellucidum
354 652 646 742 minutioribus
675 655 886 768 abigendis
906 659 984 741 irn-

67 767 294 855 munditiis
332 793 422 852 non
478 765 574 853 satis
615 791 763 884 aptum
817 769 984 860 videba-

67 905 140 969 tur
186 911 201 964 e
253 884 518 999 Conpertorium
559 913 653 967 ‘utro
681 942 695 986 ‚
722 892 811 1000 quin
854 917 985 973 rarum

65 1000 115 1197 {1
142 1055 157 1099 ‚
202 1025 274 1081 non
293 1021 449 1110 ponatur
475 997 588 1108 saper
615 1018 769 1083 munera
813 1004 989 1101 Altcrritss„¹

93 1130 138 1191 ‘x
164 1130 254 1223 quo
276 1107 375 1191 loco
390 1165 404 1211 ,
422 1111 637 1221 alteroque
668 1109 849 1216 ejusdem
868 1094 987 1223 (ζιελ

66 1222 181 1333 gorii
207 1222 253 1305 de
275 1223 478 1309 Mirnculis
505 1225 543 1304 S·
562 1228 730 1309 Martini
756 1225 820 1308 lib.
836 1251 874 1306 2.
901 1218 979 1336 cup.

64 1362 140 1435 25.
166 1333 322 1418 eruitur
348 1391 361 1434 ,
391 1356 557 1424 morem
595 1332 710 1418 hunc
734 1332 789 1421 ad
815 1333 981 1420 {extum

65 1450 196 1563 usque
223 1442 416 1531 saeculnm
458 1444 718 1561 perseverasse
744 1480 759 1533 t
797 1452 986 1563 Misterin-

62 1590 135 1677 que
161 1560 369 1679 Corporis,
409 1558 455 1654 ὠ
481 1563 561 1670 San
580 1569 680 1648 uinis
705 1560 840 1674 Christi
882 1564 988 1673 pnild

58 1704 108 1758 ex
132 1704 233 1758 more
262 1698 442 1785 cooperto.
461 1677 518 1761 At
545 1593 713 1777 tintaise
739 1695 843 1759 tunc
876 1697 985 1759 tenr-

57 1786 176 1902 poris
203 1780 692 1901 exolescereincaeperat:
712 1786 985 1902 quandoqui-

61 1898 164 1985 dem
193 1902 233 1981 S.
267 1895 449 2005 Abbas‚
487 1902 532 1981 δε
561 1905 733 2016 Martyr·
767 1902 990 1982 Maximus

58 2018 109 2101 Q
153 2018 197 2097 P.
225 2014 301 2125 qui
339 2010 446 2098 obiit
483 2037 599 2097 anno
634 2032 728 2097 662.
769 2009 812 2092 in
856 2014 984 2095 Notis

60 2126 117 2213 ad
145 2125 368 2213 laudatum
412 2127 556 2209 locum
585 2125 812 2211 Hierarchiae
845 2122 986 2235 Eccicf.
1058 2142 1062 2149 '

56 2249 100 2329 in
128 2242 299 2327 uiuunt.
320 2237 586 2349 uombfissana
616 2244 687 2323 ΡΡ.
703 2264 791 2322 tom.
816 2264 855 2322 2.
879 2260 983 2354 part.

64 2380 101 2436 ι.
114 2352 187 2461 fol.
220 2382 315 2451 132.
349 2345 528 2455 asserat,
564 2346 700 2439 solum
725 2352 882 2437 Panem
910 2348 981 2433 sub

56 2482 180 2549 aetare
202 2465 408 2581 cooperiri
430 2459 704 2559 consueviffe·
854 2479 858 2488 “

115 2576 286 2664 Tertius
311 2576 545 2672 nostrarum
574 2578 823 2665 Patenaruin
847 2575 976 2661 Mini-

57 2688 286 2778 stetialium
313 2693 405 2775 usus
440 2697 471 2776 is
503 2714 615 2775 erat:
641 2714 768 2795 cnm,
797 2710 845 2774 ut
870 2684 979 2771 dixi·

56 2828 157 2889 mus
184 2862 198 2909 ,
221 2804 371 2911 singuli
411 2805 594 2916 singulas
631 2800 860 2888 hostiarum
898 2801 984 2883 for-

55 2914 200 3003 mulas
227 2918 430 3009 oii'errent
459 2979 473 3024 ,
499 2923 544 3001 δε
570 2942 653 3001 nna
675 2941 821 3003 earum
849 2911 982 3029 pluri-

59 3032 149 3117 bus·
169 3028 378 3121 sufficeret
418 3066 429 3131 ;
458 3032 601 3147 saepius
629 3032 847 3116 eveniebat
876 3050 890 3127 ‘‚
936 3054 983 3114 ut

55 3148 159 3233 licet
217 3173 363 3233 earum
401 3171 598 3232 numerus
654 3144 984 3231 communican-

56 3264 169 3350 tium
191 3287 419 3351 numerum
451 3259 763 3375 aeq'uiparaffet‚
788 3257 980 3376 plurima

502 3378 601 3470 D3
773 3374 922 3464 tamen
