2460 4124
55 356 152 439 turn
180 333 380 432 attulisset
416 226 594 432 .(·t}rini
634 340 833 438 demere
860 344 977 439 suere‘

53 458 321 581 peragebant
350 517 366 565 ‚
414 465 460 547 δι
488 463 697 547 Fermenti
724 467 978 580 particulam

57 575 197 662 tribus
232 572 390 660 vicibus
420 573 708 687 confignando
731 633 745 681 ,
769 585 814 664 δι
831 576 976 666 dicen·

55 691 118 776 do
154 696 238 776 Pax
256 687 312 795 stt
339 693 549 805 eubtsrum,
580 714 629 777 ut
658 689 780 780 nobis
807 716 979 810 quoque

57 799 189 891 bodie
218 816 313 884 tnou
339 801 397 886 est
428 853 441 906 ,
476 806 519 888 in
544 803 735 891 Calicem
775 808 981 896 immitte·

52 918 185 1005 bant.
211 917 292 1019 His
321 930 375 999 ex
401 921 504 1007 Ven.
533 917 770 1006 Thomafio
794 920 981 1034 praemii·

52 1033 136 1136 fit,
169 1027 346 1145 inquirit
367 1031 628 1229 ciampinius
645 1035 692 1120 a'e
721 1036 863 1146 Azymn
886 1062 978 1152 pag.

59 1174 155 1241 177.
184 1167 376 1256 quonam
402 1169 477 1228 nro
507 1170 536 1226 o
566 1147 743 1265 Acoly'ti.
770 1146 980 1233 fermenta

56 1262 152 1344 haec
192 1255 442 1343 deferrent.
478 1264 533 1343 Bt
555 1279 680 1370 putat
725 1256 770 1344 id
814 1259 977 1346 factum

56 1367 175 1460 fuitse
209 1373 253 1455 in
283 1373 444 1456 Patenir
469 1371 662 1477 Vitteia,
698 1390 850 1486 utpote
880 1372 984 1456 niti·

57 1480 248 1574 dioribut
303 1488 349 1568 bu
389 1483 621 1599 purioribus
667 1512 682 1568 e
721 1489 767 1570 bc
798 1506 983 1601 quarum

60 1599 181 1686 usum
213 1600 258 1682 in
288 1592 471 1684 Ecclefia
499 1598 671 1686 inferius
698 1600 885 1715 patebit.

116 1708 368 1822 Hujufinodi
397 1730 542 1798 autern
570 1709 773 1799 mistionis
802 1717 906 1801 ritus
930 1705 987 1796 ad

70 1828 285 1915 anteriora
318 1823 463 1913 saecula
492 1824 729 1912 tefetendu's
754 1828 812 1915 est
842 1860 855 1913 e
884 1845 985 1910 nam

63 1946 109 2030 i'n
143 1939 385 2026 Riturtibue
412 1944 536 2028 un&
566 1966 660 2026 κη.
690 1946 828 2028 altum
857 1937 909 2024 de
935 1961 987 2021 ea
1064 1940 1082 1992 b

62 2054 280 2143 filentium
296 2053 444 2141 .Unde
473 2055 528 2141 ad
558 2076 718 2139 annum
745 2056 907 2150 circiter
926 2054 988 2137 M.

63 2162 226 2256 tueatse
269 2167 559 2270 crediderim,
599 2164 753 2282 'postea
779 2156 992 2253 intermis-

58 2281 179 2385 sum,
200 2272 300 2367 tiun
326 2281 447 2399 quod
466 2279 692 2416 paullatim
722 2278 835 2370 Sacri
858 2278 991 2366 Ritus

63 2397 356 2484 mutationem
385 2395 585 2486 subierint
618 2442 634 2503 ·,
669 2419 766 2486 tum
788 2392 909 2512 quod
936 2386 996 2473 ob

67 2511 381 2625 frequentiores
433 2506 557 2601 Urbis
602 2532 677 2625 per
711 2534 760 2596 ea
799 2526 998 2621 tempora

68 2620 413 2740 perturbationes
444 2688 458 2733 ,
491 2624 635 2737 saepius
668 2622 860 2715 Romani
888 2624 1021 2708 Pon»¹

66 2736 204 2823 tificea
244 2736 387 2829 Romu
417 2736 665 2825 discesserint
693 2773 707 2836 ;
778 2733 899 2824 uibus
922 2729 997 2816 ab·

73 2847 263 2938 sentibus
293 2914 307 2959 ,
349 2860 395 2941 &
424 2857 695 2951 Fermentum
725 2764 780 2937 ab
810 2853 869 2938 ris
898 2873 1000 2937 con-

70 2962 232 3053 fenum
258 2971 438 3055 omnino
467 2967 634 3055 cessavit
661 3027 675 3052 .
703 2967 757 3053 Id
782 2964 929 3051 verbm
954 2964 999 3043 tn

70 3076 257 3167 Ecclefia
284 3083 492 3172 Orientali
523 3082 649 3168 'citius
678 3078 852 3166 eveniffe
889 3070 1003 3160 uide·

71 3192 194 3280 bitur
224 3197 348 3283 alitui
383 3210 527 3285 enam
565 3201 596 3281 δ’
622 3194 758 3283 nodus
799 3184 1003 3280 Laodice·

66 3336 125 3396 na
159 3307 313 3396 habita
344 3309 419 3400 sub
446 3314 567 3430 Sylv'e
602 3324 653 3396 'ro
691 3316 802 3427 Papa
830 3302 863 3394 i.
892 3302 1001 3390 scili·

72 3426 177 3539 iicet
203 3428 364 3547 Saeculo
396 3452 464 3547 ru
482 3427 576 3544 Can
595 3454 698 3545 terp.
709 3424 820 3544 Tum.
852 3447 887 3509 r.
905 3418 1003 3615 blan·

889 3562 952 3619 cr.
