2460 4124
279 309 468 394 -verentia
496 305 572 396 soli
597 210 866 401 Dbozblzbbis
900 266 1192 402 afficiebamur.

279 417 534 527 Huiusmodi
568 422 648 512 filit
676 430 785 515 Arca
822 426 901 510 Dei
942 482 955 527 ,
997 451 1091 537 quae
1128 428 1184 512 ob

284 538 574 640 relationem,
617 564 709 738 epure
751 565 848 632 cum
876 541 972 620 Deo
997 535 1188 648 habebat,

283 650 435 733 diuinis
475 651 628 736 honori
661 679 706 740 us
744 649 1104 768 prosequebatur:
1150 657 1188 737 lle

283 761 519 847 nominibus
571 767 646 853 loli
707 771 802 851 Deo
860 763 1188 879 competentibus

284 872 608 986 appellabatur.
647 882 759 964 Nam
802 876 993 995 quando·
1016 882 1187 992 legimus

274 989 449 1078 levitic.
475 1016 580 1077 xro·
608 1001 713 1111 enpir.
739 1021 779 1078 2.
817 995 1003 1076 immolare
1045 998 1188 1109 Agnnnr

279 1130 395 1184 rernm
422 1110 581 1189 Deminr
607 1132 620 1184 r
648 1138 751 1192 orare
779 1135 900 1190 corant
936 1109 1094 1190 Dnnrino
1119 1133 1186 1190 xv·

284 1238 347 1308 ις.
377 1219 505 1306 Airare
533 1246 651 1301 reram
677 1225 850 1304 Domino:
868 1215 1001 1300 Exodi
1030 1242 1183 1302 xxvrl.

279 1351 347 1410 20.
376 1332 510 1413 Ponere
538 1332 752 1416 lucernarii
781 1329 921 1442 Vespere
947 1330 1057 1442 esque
1085 1357 1186 1413 neone

277 1468 397 1523 rernm
422 1446 612 1538 Dnrrrr‘nn;
654 1449 762 1528 Num.
791 1469 863 1524 xv.
904 1455 968 1526 28.
1014 1437 1185 1525 alfetum

276 1555 514 1662 interpretes
542 1609 556 1653 ,
584 1582 660 1639 nec
688 1577 837 1639 contra
873 1550 996 1635 ibunt
1032 1551 1182 1641 Aduer-

273 1659 394 1761 larii,
424 1666 590 1776 quoties
616 1663 687 1751 bic
716 1669 890 1780 legimus
920 1670 1102 1772 Domino,
1119 1664 1182 1751 be·

273 1773 406 1860 braic&
432 1775 506 1861 elle
538 1784 635 1866 Arra
662 1787 810 1866 Domini
845 1845 854 1864 .
882 1776 952 1864 Ad
979 1802 1080 1862 eum
1108 1781 1177 1891 igi·

271 1914 340 1974 rur
369 1892 575 1994 modum,
602 1920 690 2006 quo
720 1900 827 1981 Arca
856 1889 1033 1975 Domini
1066 1916 1187 1981 veno·-

275 2003 444 2090 rabatur
471 2003 526 2088 ob
554 2010 799 2094 relationem
828 2006 1033 2107 rationis,
1060 2027 1182 2119 quam

269 2143 368 2204 cum
395 2121 588 2204 Domino
620 2180 633 2223 ‚
660 2124 833 2236 Deoque
861 2115 1047 2202 habebat
1076 2174 1090 2220 ,
1126 2141 1180 2203 tn

271 2235 300 2318 li
331 2229 515 2344 profecto
544 2236 703 2320 ratione
730 2240 876 2344 Imago
908 2232 1014 2321 Boni
1056 2232 1179 2319 Palen

270 2345 369 2445 ris,
401 2350 445 2426 δι
474 2349 583 2458 Agni
614 2349 794 2432 uenerari
823 2368 989 2459 poterat
1021 2341 1076 2427 ab
1103 2350 1183 2431 An·

271 2458 402 2570 tiquis
442 2454 499 2540 ob
538 2458 713 2543 eandem
753 2463 1002 2545 relationem
1044 2514 1059 2559 ,
1098 2481 1181 2575 quo

274 2597 370 2654 eam
401 2630 413 2675 ,
442 2578 487 2658 &
515 2572 724 2658 Christum
752 2575 985 2665 Dominum
1017 2570 1180 2658 intereo

268 2681 334 2767 dit
365 2744 378 2768 .
408 2693 469 2771 En
500 2686 744 2772 testimonio
773 2689 874 2771 Divi
903 2685 1072 2772 Paulini
1101 2688 1177 2768 No·

272 2800 357 2882 lani
392 2799 434 2884 in
464 2806 495 2884 E
527 2796 645 2886 istola
674 2804 798 2887 toties
826 2801 997 2886 laudata
1041 2796 1096 2883 ad
1118 2800 1177 2879 so

270 2938 417 2996 verum
445 2974 457 3017 ,
486 2827 635 3002 bimus
664 2919 860 3029 Spiritum
888 2913 1086 2998 Sani’tum
1113 2902 1175 2993 sub

265 3022 397 3138 specie
423 3029 637 3118 Columbae
666 3029 899 3144 antiquitus
943 3027 987 3110 iu
1033 3022 1175 3117 Altari-

269 3139 344 3227 bus
373 3141 639 3232 veneratum.
857 3205 863 3217 .

299 3322 304 3333 .
377 3262 487 3344 Pleni
515 3256 674 3362 coruscat
711 3259 885 3341 Trinitas
927 3252 1126 3367 Mysterio,

303 3422 308 3429 -
376 3375 458 3458 Stat
485 3374 646 3483 christus
673 3374 816 3486 Agna,
845 3396 925 3458 vox
951 3369 1078 3458 Patris
1092 3358 1171 3567 {aa

196 3532 201 3543 '
350 3541 357 3551 ’
403 3493 463 3580 ιθ
491 3511 593 3576 nnat
620 3542 633 3589 5
