2460 4124
193 240 546 335 Emuuuulss.
576 226 837 324 uumerus
852 282 868 316 .
907 264 916 277 ··
956 272 990 287 ·’
1106 322 1110 329 ,

168 891 242 978 Uis
307 887 607 1006 obtemperans
649 885 764 996 iussis
809 885 982 975 Librum

195 1004 449 1104 Clarissimi,
488 1031 537 1088 ac
567 1000 845 1090 Erudiriffimi·
894 1006 982 1087 Viri

58 1120 101 1203 P.
131 1113 350 1202 Sebastiani
381 1120 493 1202 Pauli
526 1177 539 1222 ,
568 1122 641 1230 qui
671 1113 900 1201 inscribitur
923 1123 982 1203 De

26 1338 29 1343 .
58 1237 202 1318 Patena
231 1235 415 1346 Argentea
442 1229 744 1336 forocornelienst
769 1287 782 1331 ‚
811 1233 883 1325 ric.
914 1255 980 1311 ac·

59 1368 209 1428 curate
248 1341 484 1428 admodum
511 1339 689 1445 evolvi,
732 1345 777 1426 δι
809 1343 982 1451 diligen-

42 1459 144 1560 ‘tius
174 1458 390 1570 perquisrvi
420 1483 538 1544 :nec
566 1459 693 1540 uliam
721 1459 762 1541 in
793 1483 862 1541 tor
888 1480 982 1537 eru-

57 1571 113 1655 tis
162 1567 446 1655 Ecclesrasticis
502 1572 790 1654 monumentis
848 1567 983 1657 labem

59 1680 222 1769 offendi
254 1741 266 1786 ,
293 1710 385 1796 quac
414 1709 489 1768 aut
518 1682 616 1769 fidei
647 1683 872 1796 dogmata,
902 1704 976 1764 aut

55 1819 228 1882 morum
272 1800 454 1881 nitorem
500 1796 667 1880 inficere
704 1795 866 1910 possit,
916 1796 982 1880 vel

61 1906 351 2002 labefaciare3
396 1911 484 1994 imo
513 1914 747 1995 maximam
777 1907 872 1997 sum
907 1909 979 1993 ad·
1100 1950 1102 1955 ⁴

54 2024 235 2110 miratus
291 2021 457 2132 infignis
513 2027 705 2109 Aucioris
752 2025 978 2106 dexterita·
1134 2084 1137 2089 ·

53 2161 146 2223 tem
174 2193 188 2238 ,
217 2136 290 2246 qui
322 2163 483 2250 arrepta
511 2134 727 2220 occasione
759 2157 979 2246 argumen-

54 2251 90 2337 ti
121 2306 135 2348 ,
166 2246 286 2360 quod
331 2251 482 2335 trasiae
525 2276 601 2358 pro
630 2249 835 2336 asierenda
881 2248 979 2360 reali

52 2356 148 2473 Jesu
180 2357 328 2447 Christi
358 2362 567 2474 praesentia
609 2366 651 2448 in
681 2357 976 2476 Augustissrmo

59 2471 322 2562 Eucharistiae
359 2481 631 2561 sacramento
668 2534 681 2578 ,
725 2504 775 2564 ac
820 2502 975 2591 propu-

57 2587 229 2701 gnando
270 2592 484 2673 sacrarum
527 2590 761 2706 imaginum
808 2593 977 2692 Cultu,
1112 2596 1115 2602 '

61 2726 152 2788 tam
182 2701 477 2818 so,lide,atque
509 2707 668 2814 egregie
696 2701 978 2787 heterodoxo-

57 2838 155 2900 rum
203 2813 338 2897 eludit
378 2820 539 2899 somnia
578 2874 591 2915 ,
627 2841 676 2899 ac
718 2811 885 2913 discutit
912 2842 978 2898 ca·

11 2968 15 2974 ·
56 2930 224 3043 ptiones
253 2986 266 3028 ,
297 2948 344 3009 ut
370 2929 424 3012 ad
454 2928 542 3014 haec
572 2930 882 3036 convellenda,
911 2926 978 3011 vel

55 3040 187 3124 eriam
218 3038 468 3126 infirmanda
508 3045 644 3126 nullus
675 3048 756 3152 jam
796 3044 845 3129 iis
890 3045 983 3129 reli·

56 3155 145 3242 sius
176 3150 228 3234 srt
269 3151 489 3267 dubitandi
519 3159 672 3239 locus.
712 3163 768 3242 Ea
810 3181 979 3271 propter

56 3267 411 3355 committendum
429 3272 745 3383 quamprimum
773 3273 902 3389 Typis
929 3271 976 3354 li·

57 3403 242 3489 terarum
274 3384 488 3491 ,sitient
524 3400 693 3502 quoque
733 3385 988 3509 Eminentia·

382 3542 386 3553 ·
435 3568 438 3577 .
623 3536 626 3542 ·
776 3565 778 3572 .
822 3505 927 3587 Tuae
