2460 4124
578 197 704 306 183l

139 315 265 408 :teris
306 319 457 404 Graecis
501 210 779 407 eliormabant
809 347 822 402 e
848 316 1081 437 quatique,

165 438 303 519 nelcio
320 438 413 547 quis
429 493 441 536 ,
461 435 757 519 infelicillimns
787 437 1054 550 Sycophanta
1071 474 1088 531 a

162 552 238 664 qui
272 547 392 630 l'uum
423 550 501 631 iter
543 547 731 632 Italicum
775 549 934 635 Gallice
976 549 1091 629 datia

161 661 218 746 ad
248 663 445 755 Amicum
488 659 632 746 literis¹
659 652 889 749 describens
925 719 938 762 ,
968 661 1120 773 lippis·

162 772 294 882 oculis
326 825 338 877 ‚
372 779 417 857 δι
448 771 646 859 haeretica
693 774 784 858 labe
813 775 973 866 inseetis
1007 789 1091 883 pter

159 886 270 971 Mmp
292 891 378 964 Θτόν
424 884 585 996 legebat
617 882 739 976 Marce
760 899 914 976 Θυγατηρ
956 916 969 970 ε
996 906 1087 998 quo

161 993 271 1078 nihil
297 995 380 1081 dici
424 998 560 1112 potest
588 989 773 1083 obtusius
805 1023 945 1084 :cum
985 1001 1082 1080 Sole

155 1105 333 1199 lucidius
363 1099 451 1214 lit,
481 1111 705 1226 legendum
732 1104 808 1195 esse
837 1126 966 1201 Mater
995 1117 1081 1213 Dei,

155 1243 246 1306 non
277 1228 411 1307 Maria
434 1229 536 1311 Filia
560 1224 724 1308 Tabula
752 1251 872 1313 vrri.
919 1227 1003 1334 Fig.
1034 1252 1079 1322 4.

154 1335 286 1421 Gracci
333 1338 451 1419 enim
488 1335 629 1423 literas
680 1337 757 1420 has
805 1351 845 1416 Μ
875 1356 907 1414 Θ
943 1340 1079 1422 Sacris

152 1450 296 1535 Mariae
328 1451 509 1561 Virginis
529 1451 783 1560 Imaginibus
814 1444 1075 1562 potiffimum

156 1581 370 1674 apponere.
424 1558 720 1648 consueverant
758 1622 773 1666 ,
803 1587 850 1650 ut
882 1562 1068 1651 haetefim

151 1673 450 1762 Nestorianam
476 1677 766 1790 configerent.

211 1784 404 1898 Ignoscat
444 1789 582 1875 modo
618 1791 845 1876 benevolus
883 1791 1067 1895 Lellor,

151 1885 228 2006 fi„
269 1904 312 1984 in·
359 1907 540 2011 gratiam
585 1929 778 1989 meorum
821 1900 1072 2005 sodalium,

150 2016 391 2105 Academiae
432 2012 710 2102 Ecclefiasticae
762 2013 836 2098 sub
875 2020 1074 2102 liminen-

151 2125 314 2212 tiffimo
352 2125 518 2214 Praefide
554 2184 567 2234 ,
608 2137 654 2214 &
698 2136 881 2225 Patrono
920 2129 1074 2238 Joseplo

150 2234 351 2327 cardinali
382 2246 571 2362 Spinellr',
611 2241 891 2330 liccleliasticae
927 2239 1073 2324 Histo-

149 2356 289 2442 riaein
318 2353 398 2439 hac
424 2358 494 2440 lua
522 2361 701 2444 Civitate
729 2353 934 2442 Affertote
950 2409 963 2457 ,
994 2350 1072 2464 qui

151 2468 223 2552 in·
253 2464 521 2554 confutandis
561 2530 574 2572 ,
624 2467 936 2581 refellendisque
965 2559 968 2569 s
997 2471 1074 2546 Sa·
1198 2468 1218 2540 ἒ·

149 2585 299 2666 maelis
335 2584 525 2698 Balnagii
569 2581 777 2670 erroribus
821 2581 1070 2665 acerrimam

148 2715 308 2782 navant
338 2722 512 2812 operam
531 2758 543 2802 ,
559 2692 757 2811 quaedatn
783 2696 917 2780 dicere
953 2691 1066 2777 insti-

148 2827 266 2913 tuo,
297 2836 444 2895 contra
465 2811 672 2922 Jacobum
703 2804 955 2922 Basnagium
987 2806 1070 2918 pri·

148 2922 276 3009 eniam
318 2926 360 3007 in
399 2926 581 3013 Historia
617 2927 856 3040 Judeorum
899 2918 1072 3001 Gallicae

149 3026 421 3148 scriptrlTom.
440 3070 473 3136 3.
486 3069 585 3156 part.
608 3068 640 3124 r.
660 3069 735 3151 cap.
757 3064 866 3126 xxvi
879 3059 895 3118 1
909 3059 941 3113 r.
973 3028 1072 3114 inde

149 3166 302 3234 eontra
327 3152 561 3238 Samuelem
595 3155 706 3261 alia.
735 3150 882 3234 Scribit
917 3138 1069 3229 Basna·

147 3265 245 3376 gius
274 3260 426 3349 Christi
451 3326 464 3371 ‚
490 3261 610 3382 qnod
649 3290 880 3367 vocamus,
910 3263 1066 3343 Mono-

143 3396 339 3495 gca'mm'a
364 3438 381 3488 ,
402 3407 501 3486 ante
537 3377 859 3491 Constantinum
888 3429 912 3472 ·l
943 3373 1067 3457 chri·

598 3492 710 3597 Ma
775 3588 778 3596 ,
869 3483 1015 3593 stiaai‘o
