2460 4124
532 218 706 325 (2⁷⁶)
773 312 776 322 .

176 333 368 424 Concilio
388 328 621 420 Bracarensr
646 334 677 413 1.
708 330 852 425 Gonane
906 335 1095 422 xxnrrrl

175 451 259 536 fuit
283 449 341 533 cis
363 441 600 562 permiffum
628 473 640 525 ε
667 441 783 528 sicuti
813 504 826 550 ‚
868 450 912 528 δι
937 448 1088 531 sancli-

174 561 427 653 monialibus
471 558 650 639 vetitum
686 583 737 640 ex
775 558 1088 644 Constitutione

133 685 136 689 ’
171 677 325 763 Soteris
352 682 468 784 Papae
497 727 510 771 ‚
541 691 590 754 ut
626 693 678 751 cx
699 670 908 757 Anastasio
949 725 989 743 ·-
1020 677 1090 759 Hic

150 784 349 905 ¹constituit
380 848 392 890 ‚
420 809 460 864 ut
488 786 589 869 nulla
620 785 803 868 Monacba
834 791 978 904 pallam
1023 789 1088 870 Sa-

165 935 265 986 cram
298 913 521 1012 contingeret
565 944 600 961 ·-
637 893 753 1011 quod
782 901 826 982 &
865 899 1090 1015 repetitum

167 1016 249 1101 suit
273 1011 324 1095 ab
361 1007 577 1100 Bonifatio
611 1012 639 1094 1.
674 1032 721 1092 ut
761 1035 813 1096 ex
855 1014 1010 1098 eodem
1045 1013 1088 1095 in

166 1132 250 1236 ejus
278 1130 397 1215 Vita.
430 1121 619 1235 Reliquis
649 1150 746 1206 vcro
773 1126 979 1211 inferioris
1009 1127 1084 1208 Or·

166 1243 274 1327 dinis
305 1237 499 1324 Ministris
531 1240 572 1320 in
603 1241 794 1325 Concilio
818 1247 883 1328 Ill.
924 1241 1086 1329 Roma·

160 1386 220 1442 no
258 1354 486 1466 denegatur
513 1379 525 1432 c
555 1347 627 1431 nisr
661 1352 737 1436 fiat
760 1353 878 1438 lincae
919 1358 1083 1467 Mappae

162 1466 638 1554 iritcrvenru.Tertium
665 1467 784 1580 quod
812 1472 921 1552 inter
958 1472 1077 1551 Sacra

163 1584 267 1664 Vara
295 1582 337 1659 in
369 1573 698 1692 Scevophylacio
725 1639 739 1681 ,
771 1577 839 1670 scu
879 1581 1077 1665 Diaconi.

158 1715 244 1795 co,
277 1689 395 1804 quod
422 1690 541 1774 latini
584 1691 828 1779 secretarium
857 1693 1080 1801 dicebant,

156 1801 479 1891 adservabantur
539 1804 699 1892 Patenae
745 1863 759 1908 ,
802 1807 950 1927 easque
996 1809 1077 1896 alio

157 1917 436 2033 transportare
462 1916 672 2027 piaculum
698 1921 824 2005 cra't·
864 1926 982 2009 Huic
1006 1925 1075 2014 nu.

26 2113 28 2119 .
157 2060 244 2117 tem
291 2029 475 2114 Sacrario
534 2027 667 2112 custos
713 2059 920 2149 praecrat,
950 2065 1075 2154 quem

156 2148 287 2229 Graeci
340 2140 688 2254 Sccvophylacem
736 2149 753 2255 (
787 2160 910 2264 106)
953 2213 966 2259 ,
1008 2152 1074 2238 seu

157 2258 461 2372 Cemeliorcarn
486 2278 643 2345 vocant
673 2309 687 2349 .-
727 2264 854 2378 Cujus
892 2263 1070 2385 dignita·

211 2425 214 2431 ·
382 2390 385 2397 ’
894 2493 898 2501 ,
938 2384 1017 2487 tis,

163 2540 1042 2588 Ἥ

156 2668 165 2682 '
201 2683 213 2757 l
247 2690 312 2754 106
337 2682 353 2772 )
400 2683 659 2784 scevophylax
683 2693 878 2765 unus'rerat
903 2713 953 2765 ex
977 2692 1073 2770 lixo.

150 2780 319 2852 cotocelis
358 2827 370 2864 ‚
410 2782 496 2858 idest
533 2785 710 2879 primariis
745 2785 783 2855 in
821 2785 935 2859 Clero
965 2815 976 2861 ε
1013 2792 1068 2863 Do

149 2873 279 2957 quibus
316 2877 400 2950 vide
436 2881 617 2957 Codinum
659 2887 704 2956 de
741 2878 880 2975 Officiis
922 2903 998 2984 cap.
1034 2914 1064 2963 ι.

145 2991 222 3063 rina
250 2994 332 3046 cum
360 2975 571 3053 Ballanronc
597 3003 659 3051 eos
683 2987 751 3058 hoc
776 2974 905 3057 ordine
931 3005 1065 3055 coonu-

145 3086 341 3155 merantem
363 3102 374 3149 ε
396 3071 623 3160 oeconomus,
656 3074 874 3156 Sacellarim
897 3126 908 3162 ,
939 3082 1063 3155 Sceno-

141 3163 272 3274 plrrr'crx
295 3214 305 3251 ‚
327 3172 579 3270 eartophilax,
602 3175 733 3254 Sacell.
762 3173 981 3276 Praescllrcs.
1008 3179 1059 3254 De

148 3258 401 3336 rroearacelis
439 3265 573 3340 mentio
613 3273 771 3347 occurrit
810 3275 848 3348 in
893 3273 1057 3348 Concilio

146 3355 287 3429 Carion.
315 3378 575 3452 o11.quorum
599 3390 731 3447 munus
758 3374 866 3453 docet
895 3376 1057 3452 laudant!

145 3447 309 3529 eodinus
331 3456 449 3554 Capit·
473 3483 511 3542 ll.
