2460 4124
285 354 445 443 scilicet
467 350 591 439 Disci
628 244 952 470 axiiprinidinem
976 350 993 461 3
1017 376 1070 441 ac
1096 376 1198 470 pro·

284 470 565 557 funditatem.

335 590 396 670 At
427 577 733 696 antiquioribus
760 582 894 667 etiam
916 578 1193 698 temporibus,

276 720 375 781 mea
405 693 579 810 quidem
610 693 810 781 sententia
833 754 847 798 ,
873 719 955 779 una
981 723 1080 781 cum
1105 700 1201 783 Ma·

271 813 459 914 juribus,
486 807 529 902 ὀ·
558 809 864 923 ministerialibus
892 815 1042 895 Patenis
1067 869 1081 917 ‚
1106 811 1195 903 ,Mi-

278 947 403 1006 nores
430 921 562 1005 etiam
605 915 670 1004 hae
705 927 790 1019 ,δι
827 922 1073 1035 sacerdotales
1104 918 1195 1006 usui

272 1035 447 1125 fuerunt
476 1034 519 1119 in
553 1033 779 1120 Ecclefiisr
823 1059 925 1119 nam
948 1031 1065 1120 ficuri
1097 1034 1195 1149 plu-

272 1177 339 1239 res
379 1146 540 1261 Calices
570 1144 614 1233 in
647 1148 782 1234 Aitari
831 1144 1198 1255 collocabantur,

273 1265 376 1359 licet
406 1287 567 1349 -rameo
607 1284 754 1347 omnes
798 1287 851 1344 ex
891 1285 978 1343 uno
1024 1285 1196 1349 tantum

269 1377 416 1464 Cali'ce
450 1376 856 1477 communicarent,
884 1399 1033 1487 nempe
1066 1381 1196 1478 Majo-

269 1524 330 1578 res
356 1490 522 1591 Calices,
538 1491 581 1572 io
611 1485 765 1605 quibus
786 1485 1090 1600 recipiebantur
1123 1493 1195 1577 Vi·

266 1606 312 1688 ni
358 1600 637 1705 oblationes,
686 1609 731 1688 δι
772 1600 1000 1713 exquibus
1042 1605 1192 1714 Populi

266 1715 642 1805 communicabant
666 1771 680 1816 ,
707 1711 927 1833 postquam
958 1717 1022 1800 vel
1055 1717 1203 1803 verbis·

254 1827 503 1918 sacerdotia
548 1890 563 1934 ,
611 1829 677 1912 vel
721 1832 928 1914 mixtione
969 1833 1190 1940 Sanguinis

160 2009 163 2015 ‚
262 1946 444 2034 Domini
490 1943 656 2029 fuerant
697 1941 968 2047 consecrati,
1007 1945 1052 2025 &
1077 1945 1192 2033 Calix

260 2065 415 2169 minor(
440 2086 494 2158 23
525 2066 542 2174 )
572 2053 641 2143 seu
668 2056 780 2145 Sacer
800 2115 814 2161 ‚
831 2053 900 2143 seu
929 2059 1117 2160 Samius,
1144 2060 1188 2145 io

1039 2194 1132 2285 quo

308 2373 324 2462 (
353 2397 393 2469 23
420 2373 436 2461 )
484 2375 638 2448 Tertius
665 2365 770 2449 Ordo
796 2375 988 2449 Romanus
1009 2393 1083 2473 pag.
1122 2399 1175 2473 μ).

255 2492 316 2546 nu.
348 2472 405 2544 16.
432 2469 509 2545 Sed
533 2466 579 2549 (θ’
601 2467 674 2567 ipse
699 2470 865 2566 Pontefix
889 2468 1108 2562 confirmatur
1137 2475 1182 2548 ab

254 2565 509 2643 achidiacono
537 2570 577 2642 in
586 2564 706 2644 Colice
731 2570 857 2649 Soneio
874 2624 886 2655 ‚
902 2570 946 2639 dr
970 2591 1035 2662 quo
1057 2582 1179 2665 partem

246 2661 413 2758 refundit
433 2664 711 2740 Archidioconus
744 2668 784 2739 ia
810 2662 985 2759 Maiorem
1010 2668 1177 2753 calicem,

251 2758 324 2847 five
348 2761 391 2832 in
404 2755 707 2860 scyphumquem
736 2779 828 2836 tenet
853 2762 1045 2845 Acamas,
1069 2779 1112 2833 ut
1136 2788 1180 2840 ex

252 2855 371 2931 eodem
393 2857 505 2932 Sacro
529 2853 611 2952 Vase
637 2857 853 2947 confirmetur
878 2856 1054 2955 Populur.
1081 2857 1176 2935 Item

254 2974 319 3029 ox.
344 2953 483 3031 Ordine
526 2952 692 3031 Romano
733 2961 777 3029 ab
811 2947 947 3051 Jaccbo
981 2955 1173 3033 Cardinali

251 3047 434 3143 cajetano
456 3049 613 3149 digesto,
640 3053 746 3150 capit.
767 3056 859 3127 Lxx.
887 3056 928 3127 in
948 3052 1008 3128 die
1045 3052 1175 3127 Nato·

248 3143 295 3220 Iir
339 3149 481 3229 Dmrini
525 3149 736 3248 parabantur
773 3167 844 3227 tres
881 3148 1017 3229 Calices
1042 3174 1057 3237 3
1082 3170 1175 3227 unua

246 3258 308 3340 pro
345 3243 601 3339 consecratione
637 3271 652 3330 ς
682 3248 776 3325 aliur
807 3268 884 3322 cum
909 3245 1009 3346 Papo
1046 3250 1172 3323 uinum

231 3339 327 3413 -bibi
332 3359 349 3416 r
373 3366 402 3426 a
452 3342 546 3415 alim
585 3360 645 3443 pro
678 3345 1004 3421 communicantibus
1040 3396 1052 3418 .
1092 3342 1173 3439 Qui

243 3455 320 3513 roos
349 3486 362 3535 ,
391 3456 434 3514 ut
459 3437 602 3519 scilicet
626 3440 665 3519 in
691 3440 798 3521 arim
828 3437 982 3521 Roman
1014 3440 1166 3549 Pontifi-
1214 3446 1224 3469 ⁴

410 3590 414 3603 .
649 3594 653 3601 .
1058 3557 1115 3616 018
