2460 4124
563 230 637 312 136

154 339 195 422 si
214 336 320 449 forte
350 221 642 447 patrocinabitur
667 219 809 436 )Pnstor
835 382 853 428 ,,
885 356 992 441 quem
1021 320 1063 409 ἰή

154 451 277 534 Colice
298 446 460 557 depingis
485 494 521 511 -·
562 451 743 552 Uterque
787 439 906 523 locus
935 443 988 525 ab
1014 441 1067 521 E·

103 576 127 609 ‘·
152 554 407 650 ruditiffimo
442 555 649 640 sacrarum
708 579 841 639 retum
883 551 1066 664 Ciampi·

153 679 230 761 nio
251 675 295 754 in
320 670 391 752 {ua
417 673 538 752 Sacra
564 669 775 754 Historica
815 663 1067 780 disquisitio·

143 816 210 874 ne
254 781 354 886 ‚de
406 782 568 866 duobus
606 781 792 866 Cimeliis
828 783 872 864 in
915 776 1070 866 Musaeo

98 894 102 901 ¹
154 897 323 986 Cardin.
351 900 577 1009 Carpinei‚
626 898 897 1007 precatuum
930 907 1070 982 vitreo·

152 1043 237 1101 rum
271 1010 558 1120 antiquiffimo
599 1010 672 1096 usu
714 1007 959 1123 profertur.
987 1011 1071 1117 ¹Se·

152 1127 297 1240 quitur
334 1127 617 1210 Tertullianus
658 1173 695 1193 ·-
723 1125 775 1204 At
799 1154 864 1238 ego
893 1133 972 1224 ejus
1002 1126 1070 1203 Pa·

144 1246 257 1356 sitris
286 1239 494 1355 Scripturas
526 1241 662 1322 -hnurio
700 1290 713 1334 ‚
749 1245 812 1348 qui
855 1268 927 1319 non
964 1231 1071 1346 potest

144 1359 284 1468 frangi
309 1402 342 1419 ··
371 1354 454 1435 Hic
492 1351 721 1436 Cardinaus
760 1353 876 1430 Bona
920 1341 1074 1428 diffici-

151 1470 239 1554 lem
267 1465 307 1550 se
332 1463 511 1574 prabet,
532 1467 572 1545 in
606 1460 876 1570 admittendis
906 1482 958 1540 ex
974 1464 1074 1542 Tet-

152 1575 333 1662 tulliano
356 1579 494 1661 vitreis
524 1575 733 1661 calicibus
771 1572 1072 1657 Eucharisticis.

149 1689 230 1776 Ait
274 1691 388 1773 euim
414 1750 426 1790 ‚
449 1690 701 1799 scriptorem
732 1687 845 1771 hunc
895 1687 947 1770 de
988 1680 1071 1767 sola

150 1801 330 1889 tranum
364 1859 378 1905 ,
411 1807 456 1886 δι
484 1802 640 1917 pidum
667 1803 826 1915 loqui,
864 1826 959 1913 quae
986 1812 1074 1882 non

153 1937 324 2006 tantum
340 1917 502 2016 vineit,
517 1915 584 2002 sed
612 1923 741 2001 etiam
758 1917 889 2000 aureis
905 1968 918 2016 ,
933 1937 1076 2022 argeu-

152 2033 317 2141 teisque
364 2019 574 2116 calicibus
616 2030 836 2116 convenire
882 2024 1076 2142 poffuntz

152 2147 265 2245 iuius
299 2138 521 2253 ptaesettim
567 2141 783 2262 Scriptoris
812 2139 961 2254 style,
1005 2135 1077 2250 qui

154 2256 412 2366 metaphoris
468 2259 656 2344 abundat
701 2289 714 2342 ε
748 2283 798 2338 ac
842 2254 871 2338 ss
915 2246 1076 2365 aliquid

82 2396 88 2439 >
152 2373 222 2454 vel
248 2372 361 2479 pingi
387 2426 400 2469 ‚
430 2376 495 2454 vel
522 2368 659 2483 frangi
696 2390 915 2484 nequeat,
957 2362 1076 2478 quod

154 2485 313 2568 vitrum
336 2485 540 2570 nonsit.
587 2485 687 2571 Inde
729 2483 783 2570 ad
827 2487 1075 2566 Ciceronem

152 2620 359 2792 frovocat
387 2656 400 2699 ,
425 2603 500 2712 qui
536 2607 641 2686 Orat.
668 2629 711 2683 v.
735 2607 777 2684 in
811 2605 955 2684 Verrem
977 2617 1075 2676 anu·

174 2737 248 2793 um
282 2736 455 2800 aureum
499 2710 716 2815 nanum,
755 2717 801 2793 δι
840 2707 1073 2793 comminu-

154 2846 251 2913 tum
277 2823 424 2914 dixit.
472 2834 579 2916 Vera
621 2829 708 2911 haec
749 2825 966 2940 quidem
1009 2813 1072 2904 sed

156 2935 478 3028 circumstantia
509 2945 717 3026 nonnuliae
748 3002 761 3046 ,
789 2960 881 3053 quae
906 2945 951 3025 in
978 2933 1076 3029 loeis

157 3078 211 3136 ex
252 3053 520 3141 Tertulliano
547 3054 733 3142 addustis
768 3053 985 3141 observatu
1019 3045 1075 3130 di·

157 3189 252 3275 gnae
278 3192 545 3271 occurrunt,
572 3173 693 3256 aliter
720 3169 758 3253 se
785 3169 937 3256 habere
965 3182 1075 3258 tem>

157 3279 327 3404 tantum
362 3312 449 3366 non
508 3281 793 3371 demonstrant
830 3345 842 3369 .
892 3278 1076 3369 Primum

155 3412 317 3521 etenun
357 3393 510 3491 dicitut
543 3402 667 3527 ustor
714 3398 759 3517 in
805 3392 1073 3598 caliceadqi·

976 3541 1032 3609 us,
