2460 4124
430 226 603 337 (157)

62 331 251 437 Erlrnicir
287 335 566 451 parabolam,
594 364 682 422 non
711 333 762 420 de
789 335 987 423 Christia-

63 460 128 540 nis
157 453 445 543 Peeeatoribus
477 452 553 537 effe
578 451 897 565 exponendam.
927 457 986 536 At

58 569 233 685 Junium
278 591 376 653 toto
417 564 601 651 aberrare
641 568 768 649 Coelo
830 562 988 648 elamat

63 679 355 789 Doughteus,
393 682 490 769 lieet
520 676 701 786 ejusdem
729 680 863 790 gregis
896 679 985 777 vir,

59 801 104 876 &
136 795 175 874 vi
207 795 389 881 veritatis
419 793 585 878 adadus
616 793 837 894 asareem,
859 787 984 873 Chri·

61 909 218 992 stianos
247 901 336 994 suas
381 905 562 993 habuisse
597 908 834 1019 imagines,
880 929 985 1018 quas

61 1025 141 1106 sure
177 1021 348 1130 pietati,
385 1022 671 1111 &devotioni
704 1016 987 1130 debenttpas·

63 1137 224 1244 srmque
250 1132 360 1244 apud
384 1163 453 1223 eos
479 1131 696 1219 obtinuisse
720 1134 866 1220 veteris
880 1189 892 1232 ‚
908 1159 986 1214 no·

67 1253 192 1359 vique
239 1247 495 1335 Testamenti
538 1247 728 1333 historias
773 1252 816 1331 in
853 1249 985 1328 Sacris

70 1359 189 1447 varus
236 1359 475 1470 effingere:
515 1364 632 1447 sicuti
666 1421 678 1465 ,
722 1383 769 1444 ut
816 1357 986 1446 infinita

64 1479 174 1590 pene
215 1500 450 1586 praeteream
495 1479 726 1588 exempla,
765 1476 903 1561 videre
929 1471 987 1557 est

62 1594 108 1675 in
143 1590 299 1673 Amula
336 1596 484 1676 Rornae
512 1587 689 1694 effossa,
719 1588 905 1704 primum
932 1583 986 1672 ab

62 1700 302 1794 Clarissimo
344 1702 591 1789 Blanchinio
630 1761 660 1804 „
693 1705 788 1786 inde
844 1704 984 1786 mino-

63 1820 119 1900 ris
164 1815 310 1900 sormae
350 1818 486 1902 recusa
523 1820 565 1899 in
605 1817 791 1927 Liturgia
818 1822 982 1902 Summi
1033 1850 1037 1857 ·

61 1929 279 2019 Pontificis
312 1933 585 2044 Gregorii.ln
622 1954 670 2011 ea
699 1955 850 2040 nempe
880 1957 981 2013 ana-

60 2044 255 2157 glyptico
287 2069 408 2155 opere
437 2043 595 2153 sculpta
630 2046 813 2126 occurrit
841 2047 986 2153 Imago

61 2154 216 2242 Christi
246 2157 353 2243 inm
382 2157 617 2272 Discipulos
645 2159 834 2254 stantia,
867 2160 911 2238 &
940 2160 997 2243 in.

63 2275 191 2355 Canae
241 2274 409 2386 Nuptiis
452 2298 607 2384 aquarn
637 2273 678 2355 in
717 2275 863 2355 vinum
894 2297 984 2353 ver·

59 2386 219 2470 tentis.
252 2388 291 2466 Si
319 2388 439 2500 plura
475 2384 702 2489 desideras,
722 2382 984 2494 Arringhius‚

65 2497 365 2609 ciampinius,
412 2503 628 2587 Boldettua
668 2503 796 2584 unico
827 2500 984 2587 intuitu

66 2617 177 2698 ultra
203 2636 353 2697 votum
389 2613 669 2699 satisfacient.

121 2720 261 2808 Sensus
292 2754 430 2815 autem
458 2732 703 2813 Tertulliani
732 2734 773 2813 in
797 2729 983 2847 praecita-

46 2839 124 2925 ris
160 2839 331 2946 verbis,
360 2847 457 2927 teste
487 2843 698 2928 Cardinali
730 2853 846 2929 Bona
877 2851 991 2959 capite

66 2978 136 3047 25.-
158 2978 243 3066 pag.
270 2986 371 3054 291.
398 2964 461 3042 col.
494 2987 530 3042 1.
550 2960 737 3041 continet
763 2960 871 3042 illius
900 2961 984 3060 jam

61 3066 258 3158 Haeretici
300 3132 312 3173 ‚
356 3071 556 3185 impiique
595 3075 789 3157 Montani
836 3067 988 3155 asseclae

63 3176 259 3264 adversus
286 3183 535 3268 Catholicos
578 3189 844 3270 amarulenta
889 3215 987 3285 con·
1033 3216 1037 3223 ·

63 3293 168 3373 vicia
194 3290 213 3396 ’,
245 3296 345 3379 aest
378 3296 582 3382 Pastorem
627 3329 750 3394 ortem
780 3299 987 3414 perditam

63 3406 296 3529 &astantem
329 3413 371 3508 in
400 3410 607 3512 calicibus
646 3423 904 3632 pingerenp,
940 3439 988 3506 nt

849 3558 936 3628 Ι1110
