2460 4124
408 176 605 283 tea)

73 305 171 367 vera
200 282 309 365 ratio
335 323 351 385 ·‚
382 309 455 366 cur
484 290 748 399 Ministeriales
776 296 915 382 Patent
942 297 986 379 in

69 392 387 479 desuetudinem
420 397 617 502 abierint,
646 397 898 489 desumenda
925 406 984 495 est

65 510 123 595 ab
152 509 393 619 frigescente
432 510 762 603 Christianorum
791 517 983 629 pietate3

61 631 114 707 ·&
137 623 189 706 ab
217 651 267 707 eo
295 647 397 708 tunc
426 629 626 738 temporis
655 683 670 730 ,
714 629 888 740 quando
915 633 982 716 di-

64 741 237 824 minuto
267 738 375 822 Fidei
404 737 593 839 ardore,
621 739 976 852 persecutionibus

60 857 171 940 item
215 851 479 963 pausantibus
507 912 521 955 ,
546 852 805 965 quotidianae
846 861 979 940 Com.

62 965 278 1055 munionis
306 965 398 1057 usus
425 968 643 1070 exolevit,
686 971 731 1054 δι
759 966 815 1051 ad
839 968 979 1053 Missa.

59 1107 159 1170 rum
203 1078 404 1167 solemnia
433 1079 691 1192 Populorum
737 1077 978 1194 frequentia

61 1193 272 1280 deferbuit
309 1250 322 1293 ‚
367 1199 414 1283 δι,
449 1194 851 1285 communicantium
899 1223 977 1278 nu.

58 1335 203 1396 merus
232 1308 383 1391 eximie
428 1304 485 1390 est
513 1308 761 1389 imminutus
791 1364 802 1389 .
829 1309 977 1402 Acces-

62 1421 119 1508 fit
146 1421 307 1535 insuper
342 1418 441 1507 huic
479 1417 620 1508 solidae
659 1422 830 1536 pietatis
859 1421 975 1506 defe-

61 1539 145 1622 etei
171 1535 473 1619 nonnullorum
501 1536 657 1637 zelus,
693 1538 767 1648 qui
796 1557 843 1616 ut
872 1539 977 1620 relu-

61 1652 219 1734 &antes
233 1647 391 1734 Fideles
414 1645 470 1728 ad
501 1653 847 1735 communionem
877 1676 975 1763 pro„

51 1763 274 1848 traherent
315 1816 327 1860 ,
369 1765 411 1844 in
454 1759 584 1842 Missis
630 1763 759 1847 etiam
803 1764 975 1875 privatis
1050 1820 1053 1826 -

56 1870 383 1964 Eucharisticam
401 1877 581 1961 Coenam
609 1898 799 1988 aperuere
829 1877 915 1984 (49
933 1883 973 1988 ),

870 2015 919 2075 ur

55 2133 956 2178 mmmm-

105 2208 230 2300 (49)
279 2210 398 2282 Missas
425 2207 581 2300 privatas
612 2206 646 2277 in
683 2201 838 2280 Ecclesia
868 2204 969 2279 obri,
1074 2258 1078 2262 .

54 2307 169 2383 nuilse
192 2306 279 2378 olim
307 2354 317 2390 ‚
345 2304 514 2396 quidquid
543 2303 707 2374 effutiant
732 2303 974 2388 Heterodoxi,

56 2427 104 2476 ex
129 2423 292 2474 veterum
320 2401 521 2474 testimonio
547 2399 756 2473 lucidissime
797 2417 969 2488 apparet.

61 2496 289 2574 Ambrosium
325 2498 446 2574 Roma
479 2502 663 2590 degentem
710 2492 856 2567 Nobilis
891 2495 971 2567 Foe·

55 2596 155 2671 mina
190 2595 374 2671 aecersivit
402 2619 567 2687 rogans,
603 2615 643 2666 ut
666 2597 828 2666 Domum
869 2597 970 2665 suant

53 2692 92 2773 in
122 2691 414 2787 Tranllyberina
438 2691 584 2779 regione
617 2690 732 2762 adiret
759 2738 770 2776 ,
797 2688 846 2767 ibi
870 2692 969 2763 sacra

57 2791 214 2859 fassurus
240 2837 251 2870 ,
282 2812 320 2861 ut
346 2796 491 2862 reflatur·
525 2786 561 2861 in
587 2790 665 2877 ejus
692 2789 770 2868 vita
792 2786 968 2861 Paulinus

52 2884 124 2956 ille
146 2885 166 2955 'e
186 2885 295 2958 Clero
325 2885 575 2960 Lediolanensr
607 2939 617 2969 ‚
641 2883 744 2957 Divo
765 2883 969 2976 Auguslino

53 2982 537 3076 synchronus-Augustinus
559 2982 666 3057 etiam
687 2984 965 3086 inLibroaex113
1038 3060 1041 3067 ,

50 3078 272 3153 decivitate
296 3084 385 3163 Dei,
410 3081 668 3172 Presbyterum
694 3079 875 3157 adducit,
901 3094 966 3164 qul

51 3195 137 3243 cunr
161 3177 236 3246 ruri
264 3182 354 3266 apud
380 3178 554 3267 quendam
582 3180 680 3249 saera
703 3176 870 3264 mysteria
884 3195 964 3264 per·

53 3290 207 3362 ageret,
235 3277 400 3347 Domum
425 3276 563 3347 invenit
587 3279 632 3344 ab
656 3271 838 3362 spiritibus
864 3271 966 3344 malis

49 3389 226 3447 vexatam
251 3374 442 3449 .Demum
465 3368 505 3444 iu
525 3372 680 3466 Epistola
705 3367 910 3449 innocentii
934 3366 965 3439 Ι.

870 3467 964 3559 ,add
1067 3534 1072 3543 .
