2460 4124
248 376 298 439 ac
325 341 599 462 frequentiori
626 235 924 436 donsmdunione
954 329 1073 437 usum
1087 349 1169 439 Ca„

246 465 340 555 licis
369 487 493 578 penes
518 458 1170 577 Laidos,admiffumqu.e‚quod

248 580 299 667 in
326 576 502 702 Azymis
543 580 664 665 Sacra
690 574 885 676 fierent,
930 581 1090 669 Panem
1151 602 1172 664 e

252 688 579 782 Eucharisticunn
594 687 650 775 ad
675 715 767 782 eam
799 685 1080 782 tenuiffimam
1144 718 1178 777 t·

255 830 420 911 mam,
459 830 553 927 quae
596 800 832 895 hodienum
857 800 1021 896 obtinet
1059 860 1073 908 ,
1116 831 1177 890 re·

258 920 426 1013 dacium
458 975 470 1001 .
502 922 647 1034 Neque
676 923 784 1007 ullus
811 918 916 1011 alius
941 914 1061 1007 locus
1088 942 1179 1011 ma·

263 1038 326 1150 gis
364 1031 390 1119 ὲ
428 1030 752 1127 Protestantibus
796 1035 840 1121 iu
883 1032 1179 1122 controversiis

260 1149 368 1236 olim
412 1151 645 1261 exagitatus
691 1142 774 1237 'suit
810 1173 825 1230 t
864 1146 918 1242 ei)
961 1146 1179 1237 confiden-

260 1266 344 1353 tius
365 1262 512 1374 ,quod
546 1270 726 1374 majores
757 1320 770 1365 ‚
798 1256 1011 1355 densiores
1036 1284 1086 1344 ue
1119 1282 1182 1345 te.-

132 1454 138 1467 .
262 1373 399 1466 nebtae
445 1377 488 1459 in
528 1371 641 1463 istius
696 1370 920 1490 disciplinae
967 1373 1014 1468 hi
1077 1375 1184 1465 riam

262 1486 510 1603 irrepserant
533 1545 544 1569 .
570 1489 649 1579 Sed
683 1491 737 1578 ad
762 1513 893 1598 nugas
917 1489 994 1575 has
1020 1549 1035 1594 ‚
1063 1489 1186 1601 nugis

263 1610 277 1695 i
309 1603 359 1689 fis
381 1627 439 1685 nu
469 1603 666 1706 aciones,
695 1599 974 1694 exsufflandas
1009 1600 1187 1691 demon·

263 1633 399 1808 {stade
433 1626 638 1809 sufficeret
662 1776 676 1821 ,
702 1717 878 1811 eandem
905 1715 1061 1831 semper
1088 1707 1187 1803 suis·

267 1834 309 1927 se
357 1824 412 1912 ab
455 1832 664 2029 grimutio
711 1829 838 1950 usque
876 1894 890 1941 ‚
928 1827 1189 1945 sequioribus

266 1969 356 2034 tem
388 1947 452 2029 ori
485 1969 531 2029 us
573 1939 894 2032 catholicorum
947 1968 1044 2057 erga
1072 1944 1191 2028 'San-

266 2062 321 2148 eti
357 2084 489 2146 umam
534 2059 830 2145 Eucharistiam
865 2084 1010 2146 curam
1045 2117 1060 2162 ,
1098 2059 1193 2144 reli·

267 2178 438 2290 gionem
463 2231 478 2277 ,
500 2177 546 2265 de
569 2178 863 2267 reuerentiam:
888 2197 1015 2288 atque
1037 2171 1195 2262 harum

269 2309 550 2401 augmentum
575 2345 588 2390 ,
618 2288 648 2370 sr
674 2287 794 2400 quod
828 2289 1003 2374 tandem
1029 2284 1192 2389 fuerit,

268 2400 327 2489 ab
355 2396 829 2491 Transubstantiationie
856 2403 1057 2522 dogmate
1088 2419 1203 2506 ‚ut-·

305 2539 379 2600 ote
402 2538 543 2605 recens
570 2511 812 2602 introdutto
841 2576 856 2621 ,
885 2544 974 2602 non
999 2506 1194 2609 defluxis-

270 2543 314 2715 se
356 2654 371 2714 e
413 2623 605 2743 adeoque
652 2632 905 2722 Patenatum
945 2628 1194 2741 Ministeria·

271 2743 380 2829 lium
405 2739 718 2833 desuetudinem
746 2745 836 2831 aliis
864 2742 1051 2861 profesio
1079 2734 1193 2837 eaus-

274 2857 329 2949 ἧς
357 2853 537 2941 deberi.
578 2857 704 2949 Hanc
731 2884 833 2970 ergo
857 2863 993 2946 levem
1033 2915 1047 2961 ,
1094 2855 1196 2945 saci⁴

276 2977 447 3085 lemque
472 2970 655 3087 spartam
720 2975 832 3056 aucis
858 2975 1062 3056 adornare
1090 2965 1201 3059 mihi

274 3086 621 3201 operaepretium
649 2998 781 3170 visum
810 3089 871 3172 est
895 3110 911 3167 t
937 3085 1074 3170 facem
1099 3109 1198 3200 prae·

279 3198 427 3303 bente,
451 3226 502 3284 ac
529 3199 687 3281 eximio
719 3203 845 3287 veluti
874 3198 1043 3289 dusiore
1070 3222 1196 3313 prate„

236 3392 239 3397 .
280 3336 426 3415 unte,
470 3337 558 3399 uno
588 3333 640 3394 ex
668 3339 739 3403 tot
768 3311 1021 3405 Dosiiffimis
1063 3312 1198 3397 Gaui.

239 3416 242 3425 ’
279 3448 434 3524 torum
460 3427 672 3553 Episcopis
699 3486 715 3536 ,
744 3430 819 3551 qui
856 3417 1197 3630 GregemMsuurn

1066 3565 1145 3629 on·
