2460 4124
226 297 233 317 ,
406 306 412 316 .
668 211 796 304 2³0>
1042 300 1048 313 .

265 324 364 414 fecit
392 346 404 402 ι
433 212 640 431 datisque(
651 325 780 406 literis
823 307 1062 423 sallustii,
1089 342 1172 404 non

264 443 355 528 haec
381 435 454 518 fibi
479 431 592 544 figna
632 432 851 519 arbitraria
896 429 1068 533 videri,
1108 427 1174 518 sed

265 559 406 642 literas
436 551 628 637 conl'ultd
652 547 805 665 pofitas
833 579 845 646 ;
876 546 1073 658 quamvis
1109 570 1174 630 eat

266 671 403 757 modo
446 667 609 772 ignotas
649 661 810 766 nobis,
846 665 889 742 &
915 664 1085 776 penitus
1107 656 1175 742 ob·

265 781 401 871 scuras
427 780 553 886 longa
587 801 709 879 aetas,
740 783 786 859 δι
818 772 901 859 seta
935 796 1175 884 temporum

265 890 502 983 vicillitudo
526 890 787 975 reddiderit.
828 893 875 970 ln
910 889 989 972 suae
1011 885 1174 973 senten·

264 1008 334 1097 tiae
360 1002 478 1092 testes
508 1003 691 1090 advocat
723 1005 798 1088 Vir
823 1000 1009 1086 eruditus
1034 1061 1049 1103 ‚
1073 1007 1176 1088 Gne·

266 1151 336 1209 eas
375 1122 517 1219 literas
558 1115 768 1206 Edmttndi
802 1111 984 1199 Chiscull
1023 1118 1070 1200 in
1113 1119 1175 1198 ln·

265 1234 489 1348 scriptione
513 1235 628 1344 Sigea
653 1265 665 1331 ;
692 1229 907 1315 Rnnichas
934 1225 1036 1314 Olai
1064 1237 1180 1316 Woe-

267 1354 346 1444 mii
375 1381 386 1442 3
414 1349 646 1432 Monetales
676 1339 901 1432 Lastanosae
938 1341 1112 1427 Mende}
1136 1346 1180 1426 ἃ

269 1467 326 1551 de
379 1465 512 1548 Battis
549 1491 561 1556 ς
606 1459 884 1568 Metvtingias
925 1454 968 1536 in
1020 1448 1178 1570 Lepide

266 1572 474 1664 thdiani
500 1577 545 1654 δι
580 1570 864 1685 Theophilae‚
903 1590 1039 1678 quem<
1064 1569 1179 1657 adse.

262 1709 367 1779 tunt
413 1682 705 1794 Attingltitts,
747 1689 793 1770 δε
835 1679 1110 1770 Mabillonius
1138 1689 1179 1769 in

265 1805 413 1894 itinete
466 1797 612 1882 Italico
652 1857 664 1877 .
705 1795 1054 1883 Animadvertene
1107 1823 1179 1883 au·-

230 1941 233 1948 ’
266 1940 359 2006 tem
372 1974 385 2018 ,
402 1910 538 1999 nullas
569 1910 812 2018 hujusmodi
829 1907 1031 1996 scribendi
1053 1915 1177 1998 'tatio-

266 2059 342 2126 nes
381 2023 471 2110 ullo
512 2026 634 2140 padio
673 2023 787 2110 aetati
828 2026 994 2109 Patenae
1036 2028 1181 2114 nostra

266 2145 489 2234 eonvenite
519 2196 532 2241 ,
568 2136 721 2249 refugit
752 2133 810 2224 ad
837 2140 1196 2250 Monogtamntt·'

266 2280 314 2345 ta
343 2260 628 2366 Antiquotutn
658 2310 672 2354 ‚
701 2277 882 2369 quotum
914 2257 1096 2365 plurima
1124 2278 1198 2341 κο·

266 2372 410 2460 ferunt
438 2367 686 2449 Heineccius
723 2366 776 2453 de
814 2368 1001 2479 sigillis,
1032 2371 1180 2456 Fonta-

263 2483 406 2574 ninius
450 2479 493 2562 in
522 2478 717 2564 vindiciis
742 2477 1018 2596 antiquorum
1047 2481 1198 2598 dipte-

107 2665 110 2671 -
276 2618 451 2684 matum
483 2594 568 2696 ,de
608 2594 835 2678 Ficotonttt
890 2598 933 2678 in
992 2602 1084 2682 ant'

265 2706 455 2831 plumbis
495 2713 593 2791 .Et
639 2706 703 2792 his
748 2625 1196 2821 monogrammate·

1119 2600 1182 2681 nit

264 2816 541 2912 accensendas
562 2817 639 2904 elle
664 2823 755 2906 vult
781 2821 900 2932 figlas
927 2825 1075 2910 nolite
1115 2831 1182 2914 ta-

270 2964 376 3028 tenae
392 3004 401 3021 .
416 2935 504 3019 Nec
527 2932 711 3017 inficiam
729 2995 741 3036 ,
759 2939 865 3020 alios
923 2961 1065 3056 noque
1090 2948 1195 3028 enti

271 3053 388 3138 ditos
426 3049 552 3133 Viros
596 3051 772 3133 inveniti
814 3078 925 3162 poe
963 3115 977 3160 ,
1019 3061 1095 3172 qui
1139 3056 1180 3139 in

267 3166 385 3253 suam
410 3157 660 3246 sententiam
695 3160 868 3276 pedibus
889 3195 988 3255 eant
1006 3196 1024 3256 ·.
1048 3174 1180 3254 Sciens

266 3279 386 3375 inde,
404 3302 471 3357 me
494 3278 535 3357 in
568 3278 648 3360 hac
677 3277 906 3366 blandienti
939 3279 1084 3368 ltaetest
1100 3281 1184 3391 elle,

268 3417 318 3479 ut
348 3387 462 3498 figna
488 3389 576 3477 ltaec
601 3397 786 3500 Paene,
812 3424 891 3482 nec
917 3402 1195 3495 literasmee'

363 3566 368 3573 ·
1044 3518 1142 3600 Mo·
