2460 4124
672 258 753 328 216

142 388 148 421 ⁸
268 357 498 450 Cherubim
523 354 602 440 hos
624 244 836 472 (tanqugm
868 352 1069 468 simplicia
1111 373 1175 433 ot·

268 500 468 565 namenta
504 532 516 572 ,
548 475 593 553 &
619 498 707 559 non
733 494 938 589 tanquam
971 464 1174 577 Imagines

156 668 166 677 ,
256 590 349 678 'effe
382 584 667 700 accipiendos.

326 699 831 813 Progredituansnagius
861 743 899 766 ι·
929 707 1054 810 Neque
1081 692 1177 777 cau

254 818 349 907 sscum
368 821 517 934 pic‘lurae
545 838 623 917 ,ut
637 817 817 920 {urbanis
841 812 927 894 bene
955 834 1044 895 note
1071 866 1085 911 ‚
1113 813 1179 913 im·

229 1016 232 1022 ,
263 932 469 1044 pedimento
477 931 618 1040 fuere,
647 936 837 1041 quominus
854 929 1050 1022 objicerent
1072 919 1180 1004 chri·

257 1044 395 1155 stianis
419 1042 516 1156 apud
542 1040 631 1153 ἔρρε
660 1048 837 1150 imagines
862 1035 1076 1148 deprehendi
1101 1031 1180 1115 nni-

263 1158 321 1238 las
348 1210 362 1255 ,
388 1163 478 1267 qnia
508 1176 623 1265 neque
657 1156 865 1266 consecrate
891 1173 998 1233 erant
1028 1204 1041 1250 ,
1072 1160 1181 1257 neque

265 1266 474 1350 adorationi
502 1264 662 1379 exposttae
675 1317 711 1334 ··
742 1269 860 1351 Bona
885 1261 1007 1345 verba
1036 1253 1181 1374 quaeso.

262 1374 494 1476 ²Undeuam
541 1378 729 1461 Ethnicis
758 1376 961 1461 -Calicum
998 1375 1180 1488 pistum

264 1490 314 1573 δι
358 1487 742 1594 Eucharisticorum
788 1487 996 1582 vasorum
1035 1484 1180 1596 Imagi-

262 1629 338 1687 nes
366 1608 501 1686 BENE
525 1603 792 1696 innotescere
810 1628 1015 1720 poterant
1036 1607 1183 1686 ?Non-

262 1742 319 1824 ne
344 1710 396 1796 id.
440 1740 522 1826 prae
546 1718 729 1823 caeteris,
754 1721 941 1834 antiquis
982 1715 1184 1802 Fidelibus

262 1824 389 1913 cordi
416 1825 498 1911 fuit
526 1885 539 1930 ,
567 1834 612 1912 &
641 1828 685 1914 id
713 1831 975 1945 potiffimum
1001 1853 1184 1930 cautum,

261 1965 315 2050 ut
341 1943 464 2026 Sacra
494 1942 692 2059 Mysteria
725 1946 956 2062 prophanis
996 1971 1088 2027 non
1121 1967 1184 2057 ρι-

264 2054 463 2144 tefierent
504 2058 521 2137 ?
558 2061 606 2139 In
647 2062 806 2173 cryptis
848 2059 947 2145 inde
992 2058 1186 2142 subtertu-

264 2173 393 2274 ueis,
425 2175 469 2253 in
493 2163 702 2282 speluncis
734 2233 748 2275 ,
775 2177 818 2256 in
859 2175 961 2259 locis
992 2171 1187 2257 remotio·

259 2285 380 2372 1ibus
430 2308 662 2368 conventus
701 2288 927 2394 agebant3
963 2286 1077 2370 itaut
1118 2308 1187 2368 nec

262 2397 361 2510 ipfis
389 2396 600 2508 Tyrannis
632 2400 809 2506 quidem
836 2458 852 2502 ,
889 2403 988 2485 licet
1012 2396 1187 2514 supersti-

260 2511 372 2594 tiosi
406 2508 421 2612 (
452 2530 500 2589 ut
525 2510 586 2592 itu
616 2511 791 2621 dicam)
821 2512 1017 2624 indagine
1050 2518 1094 2600 in
1125 2537 1188 2624 ge·

256 2623 325 2712 sta
362 2616 704 2723 ‚Christianorum
746 2630 1007 2742 inquirerent
1046 2686 1062 2731 ‚
1102 2627 1188 2711 loca

258 2738 352 2824 haec
379 2759 599 2846 paterent.
638 2747 698 2826 Ea
722 2769 873 2856 nempe
898 2739 1073 2826 subinde
1101 2767 1189 2827 mu·

258 2849 415 2939 tabant
447 2879 458 2946 3
485 2854 530 2931 δι
560 2855 646 2939 huc
674 2856 861 2970 illucque
879 2855 1076 2968 pmfugi,
1108 2882 1188 2940 non

131 3031 137 3042 .
259 2965 365 3053 satis
406 2963 599 3053 constare
631 2967 852 3074 sinebant,
882 2969 1056 3053 ubinam
1090 2995 1185 3082 geu·

259 3083 383 3166 tium
425 3077 520 3160 illos
550 3082 646 3165 suos
693 3088 968 3168 antelucanos
1014 3104 1188 3170 conveu-

260 3217 330 3278 tus
370 3214 585 3298 agerent.
626 3199 673 3277 In
705 3201 805 3282 ustis
842 3204 905 3282 SS.
931 3191 1122 3310 justini,
1149 3202 1188 3282 u

258 3307 495 3389 Sociorum
529 3368 541 3408 ,
567 3309 681 3419 apud
707 3315 980 3397 Ruinartium
1008 3334 1189 3430 pag.·59.

259 3417 462 3508 Rusticus
483 3425 636 3514 Romae
662 3421 807 3537 Pruses
835 3425 1024 3546 quaefivit
1037 3423 1105 3631 {b
1132 3430 1192 3538 Ju-

458 3582 466 3605 ·-
781 3582 784 3587 ·
1076 3566 1148 3626 mo
