2460 4124
455 263 603 372 (⁶³)

58 371 217 461 eeffisse
246 392 389 488 patet.
418 373 718 474 Heterodoxi,
747 376 793 458 de
818 378 891 493 'qui
908 354 988 463 'eit-

57 516 128 575 tta
155 490 481 574 Catholicorum
512 489 645 573 castra
687 484 821 591 sont,
857 496 987 602 plenis

35 699 40 705 ,
62 602 209 687 buccis
230 600 440 707 asserunt,
472 602 514 688 id
542 602 715 687 evenisse
737 601 990 718 ,postquam

15 770 22 775 -
60 719 486 829 Transttbstantiationis
508 721 682 828 Dogma
710 720 913 820 noviter,
940 741 990 804 ut

56 829 132 945 ipo
164 833 396 932 blaterant,
426 831 713 919 introdullum
743 835 763 939 (
794 853 844 929 3⁶
871 838 889 940 )
915 858 988 915 cu·

64 969 160 1028 ram
207 1002 222 1047 ,
262 949 308 1026 &
354 948 600 1057 religionem
639 949 750 1033 circa
790 943 987 1030 Euchari-

57 1056 180 1142 stiam
208 1062 352 1145 auxit:
384 1066 517 1145 metui
552 1089 631 1161 ue,
663 1090 715 1144 ne
744 1063 987 1144 Sacramen-

57 1196 156 1257 tum
186 1176 326 1257 minus
370 1091 761 1285 digniiraberetur
801 1233 814 1275 ‚
857 1169 985 1289 usque

54 1287 166 1370 adeo
194 1289 371 1372 invaluit
410 1324 438 1391 ‚‘
470 1311 518 1373 ut
546 1295 698 1373 Panem
742 1287 986 1372 Eucharisti-

56 1425 156 1483 cum
188 1403 354 1486 arstiori
388 1399 573 1486 custodia
600 1404 983 1503 servaverint,cau-

54 1538 232 1629 tumque
263 1517 388 1602 luerit
417 1577 429 1620 ‚
460 1540 507 1599 ut
544 1545 670 1602 omne
714 1538 811 1602 eum
853 1506 986 1601 effun-

60 1629 191 1714 dendi
221 1632 451 1744 periculum
482 1634 630 1738 majori
672 1630 889 1741 diligentia
918 1660 985 1715 ca·
1044 1702 1048 1708 .

59 1769 271 1833 veretur.
310 1752 407 1831 Hac
432 1744 578 1832 eadem
617 1746 669 1830 de
706 1744 829 1830 causa
861 1742 986 1830 abro-

50 1881 209 1971 gatum
237 1863 388 1946 volunt
415 1919 429 1964 ‚
472 1889 555 1946 una
582 1886 691 1949 cum·
706 1860 873 1976 publica
900 1863 984 1963 illa,

879 2002 929 2056 ac

95 2194 112 2284 ί
143 2204 228 2294 36)
277 2203 369 2272 Vox
403 2202 475 2270 haec
511 2204 556 2271 ab
592 2199 779 2271 nonnullis
817 2194 983 2268 Auctori-

54 2299 123 2368 bus
151 2297 403 2372 ecclesiasticis
428 2317 514 2370 ante
529 2294 737 2369 Concilium
764 2299 983 2370 Lateranen-

56 2400 92 2464 le
138 2400 310 2489 usurpata
345 2444 356 2482 ,
394 2402 439 2467 ab
476 2403 599 2468 erdem
654 2402 797 2467 demum
830 2394 984 2486 Synodo

56 2497 270 2567 consecrata
295 2496 342 2566 en
371 2501 415 2565 ad
445 2498 548 2567 ulum
577 2494 691 2566 totius
720 2490 881 2565 Ecclesrae
906 2546 918 2579 ,
944 2494 982 2564 dt

58 2583 163 2661 illius
210 2609 418 2687 prepetuam
457 2596 502 2662 de
529 2588 750 2666 Euchatissia
774 2594 878 2662 iidem
916 2613 981 2663 ex·

64 2683 306 2779 plicandam.
342 2687 464 2775 Hujus
494 2714 582 2787 ergo
606 2691 777 2766 vocabuli
804 2693 904 2761 usum
923 2687 980 2760 in·

60 2806 248 2861 venerunt
288 2788 323 2858 in
365 2786 520 2860 Ecclesia
559 2786 774 2865 Tridentini
814 2789 941 2859 Patres
967 2827 983 2869 ,-

61 2903 140 2956 non
162 2908 240 2957 eunt
264 2908 393 2958 recens
421 2888 624 2969 induxere3
646 2909 800 2976 eumque
825 2879 979 2971 religio·

50 2983 93 3052 l'e
119 2983 347 3057 retinuerunt
373 3034 383 3054 .
410 2982 525 3056 Sicuti
555 2985 658 3077 prisci
682 2984 807 3052 Patres
831 2979 977 3050 nomine

53 3074 357 3178 consubstantialis
386 3089 430 3151 ad
457 3101 661 3177 perpetuam
675 3082 791 3153 Verbi
813 3077 883 3153 Dei
909 3081 977 3151 Di·

49 3175 247 3255 vinitorem
289 3177 565 3271 exprimendam
604 3197 732 3250 contra
780 3176 977 3261 Arianos,

51 3276 206 3365 ingeniti
223 3285 407 3374 ‚Deiparae
428 3288 606 3361 ,nuaram
630 3277 869 3354 voluntatum,
897 3269 976 3351 &a

56 3369 207 3444 inventa
234 3377 391 3447 fideliter
414 3381 606 3451 servarunt
642 3424 652 3459 ,
687 3378 721 3446 ct
749 3380 794 3448 ad
821 3377 975 3466 polleros

50 3469 170 3541 veluti
200 3468 407 3566 Religionis
429 3476 551 3548 nolim
576 3471 778 3567 depolitum
809 3516 822 3563 ‚
859 3468 975 3545 fideli-

52 3578 109 3637 ter
138 3574 431 3647 transmiserunt.
475 3625 478 3629 -
