2460 4124
82 3628 95 3663 Q

284 234 366 374 J
511 227 695 354 (κισ)

414 437 478 453 ’“
565 474 677 580 vr.

259 705 314 785 Ee
343 695 499 810 Figuris
526 719 696 782 rantum
723 753 736 797 ,
763 697 806 776 Be
835 696 1067 804 caelaturis,

157 872 160 877 -
280 811 347 896 sed
389 807 728 927 inscriptionibus
765 811 893 892 etiam
930 832 1067 895 'orna-

148 923 298 1009 bantur
342 922 446 1010 vasa
475 931 598 1011 Sacra
628 987 641 1030 ,
673 926 813 1012 Calices
841 927 1067 1038 praecipue,

142 1044 187 1122 δι
218 1048 358 1125 Paeana
389 1070 401 1121 r
432 1040 665 1146 cujusmodi
692 1061 785 1122 mos
815 1035 869 1119 ab
897 1040 1068 1124 Gentili-

141 1151 216 1238 bus
246 1149 481 1268 profluxisse
513 1146 937 1264 crederem.,'quibus
965 1149 1065 1237 sole·

139 1292 237 1351 mne
269 1263 349 1349 ierit
365 1268 407 1352 in
422 1272 584 1380 poculis
601 1261 889 1376 inscriptiones
914 1264 1065 1378 sculpe·

140 1410 206 1464 re.
227 1378 280 1463 ld
301 1405 430 1488 genus
455 1410 503 1466 ea
531 1407 681 1484 erant,
701 1376 917 1491 dequibus
935 1380 1062 1464 Athe·

136 1515 248 1577 naeus
281 1495 363 1577 Lib.
393 1522 458 1578 κι.
483 1525 562 1612 cap.
589 1503 676 1582 xiv.
715 1495 907 1605 loquitur
939 1550 954 1597 ‚
991 1520 1062 1578 vo·

134 1628 285 1714 eatque
319 1629 501 1693 pappare
520 1611 675 1708 noriam,
708 1611 838 1688 Pocula
876 1612 1062 1690 iiteraiae

138 1714 267 1800 veluti
300 1715 501 1817 Neronis,
531 1713 659 1801 abeo
698 1723 893 1802 Homerica
922 1718 1055 1823 dista,

131 1833 230 1943 quia
272 1831 448 1914 Homeri
488 1828 660 1916 versibus
704 1827 1054 1916 inscribebantur.

127 1942 250 2032 Unde
278 1945 471 2027 lemmata
494 1943 564 2027 ilia
598 1949 639 2027 in
672 1946 833 2028 Poculis
865 1942 1056 2029 Christia-

126 2056 473 2170 norum,quibus
508 2062 744 2143 Gentilium
776 2078 943 2154 morem
971 2056 1055 2143 san·¹

127 2167 324 2258 erioribus
356 2174 533 2255 inventis
568 2174 898 2258 consecrarunt:
942 2175 1050 2257 vidr-

126 2288 225 2368 iieet
251 2332 285 2349 ··
315 2286 427 2368 Bibas
451 2291 492 2365 in
512 2311 599 2394 pace
625 2292 696 2370 Dei
742 2333 777 2351 ··
805 2291 904 2370 Ante
924 2289 1052 2395 saraia

122 2401 203 2482 Rex
233 2394 413 2481 benedibie
428 2443 466 2464 ··
490 2397 579 2482 Bibe
603 2406 664 2514 pie
687 2426 798 2479 zezes
813 2447 849 2466 ··
864 2405 955 2485 Bibe
985 2405 1054 2483 vi·-

121 2540 196 2594 vas
249 2511 375 2590 maltis
412 2513 519 2592 annis
561 2559 600 2580 ι-
641 2513 847 2625 Refrageeis
889 2517 933 2595 i'a
960 2538 1047 2630 paca

120 2626 194 2712 Dei
222 2672 258 2691 ·-
284 2679 297 2723 ,
326 2615 457 2703 &his
486 2617 660 2720 similia.
707 2667 708 2672 ,
1003 2697 1012 2716 ,

177 2734 386 2821 vetustior
443 2738 635 2820 omnium
680 2735 1047 2849 inscriptionum,

31 2829 37 2852 ’
120 2872 213 2960 quae
257 2868 483 2931 occurrunt
523 2851 564 2931 in
608 2852 815 2936 Calicibus
842 2905 854 2949 ,
879 2846 1041 2934 viderur

117 2961 351 3076 Doughtep
382 2959 450 3044 illa
480 2962 521 3045 in
537 2966 673 3048 Caiice
697 2970 732 3052 S.
747 2965 957 3073 Remigii,
975 2985 1039 3046 cu·

68 3092 70 3097 ’
116 3079 178 3187 jus
212 3076 310 3159 aliis
345 3077 642 3162 meminimus.

228 3193 390 3272 Hauriat
418 3190 504 3272 binc
540 3196 690 3312 Papulas
721 3199 845 3275 vitam
874 3191 923 3275 de
948 3191 1042 3273 San·

277 3307 392 3407 graiae
415 3303 521 3385 Sacro
595 3341 598 3348 ·

218 3417 388 3515 laima,
434 3437 560 3503 arcena
600 3446 704 3535 qaam
725 3416 832 3529 fudit
861 3416 1030 3497 -vuinere

221 3582 224 3587 -
276 3523 464 3636 Cbaistas.
533 3589 540 3601 .
894 3512 981 3614 Alii
1095 3612 1098 3649 ἵ
