2460 4124
456 231 583 337 (237

91 343 219 430 datus
256 340 475 458 AEgyptius
501 374 517 426 e
553 233 692 459 priino
735 340 889 430 intuitu
928 343 1004 445 sua,

71 458 266 573 spicatus
293 458 349 541 est
378 517 391 561 ,
425 455 542 568 siglas
576 455 661 559 has„
695 454 900 544 elementa
924 454 1000 544 esse

82 570 292 659 ·Palestina
318 640 327 657 .
356 576 513 663 Eorum
539 573 652 655 enim
679 570 843 682 vestigia
870 576 906 655 ei
940 576 999 672 vif

86 685 299 770 debantur
327 710 536 772 occurrere
558 689 600 771 in
631 687 809 800 antiquo
827 683 1001 798 Arpha·
1060 733 1068 737 -

79 801 189 885 beto
216 796 338 906 hujus
368 801 517 909 liuguae
542 864 551 884 .
579 807 637 886 At
665 798 769 886 nihil
798 800 898 884 uerti
929 797 1001 884 ad'·

75 913 345 1004 firmandum
376 913 853 1000 statuit.Vetetutenim
886 935 998 996 acet·

82 1030 179 1115 timi
212 1025 349 1135 judicii
377 1030 486 1129 Vir,
517 1054 605 1111 non
644 1025 882 1135 hujusmodi
921 1029 995 1110 Al·

113 1139 313 1246 habetum
341 1139 534 1226 fiiiitium
562 1140 653 1224 site
697 1163 909 1254 unumque
946 1161 996 1225 ex
1051 1198 1057 1211 ⁴

79 1169 154 1338 iix
185 1256 232 1336 iis
259 1313 273 1356 ,
299 1279 392 1366 quae
431 1254 568 1342 nescio
617 1256 709 1366 quis
750 1251 1005 1373 Sycophan-

71 1396 117 1454 ta
174 1366 319 1451 fucum
382 1365 533 1462 faciens
565 1393 566 1396 ‘
598 1367 769 1452 eruditis
809 1427 822 1471 ‚
861 1366 989 1452 incidi

70 1479 233 1567 tutavit
257 1539 269 1582 ,
296 1483 421 1565 Paulo
461 1487 509 1571 V.
539 1479 729 1574 Pontifici
774 1505 989 1594 nuncupa·
1065 1503 1068 1506 “

67 1620 112 1680 ta
139 1651 150 1674 .
175 1591 283 1679 Mihi
310 1619 411 1704 ergo
443 1589 564 1679 suasit
591 1655 604 1700 ,
629 1598 662 1678 is
679 1594 745 1678 'est
773 1596 901 1682 animi
931 1591 990 1677 sui

64 1706 251 1811 candor,
284 1706 491 1794 doniores
518 1711 560 1793 in
589 1705 868 1794 Orientalibus
905 1704 985 1821 lin-

60 1823 152 1934 guis
179 1820 293 1906 adire
310 1823 434 1907 Viros
448 1889 457 1906 .
473 1825 707 1938 Statimque
727 1822 889 1908 decrevi
907 1820 985 1904 do·

56 1933 277 2024 &inimum
317 1934 359 2020 in
388 1934 469 2018 hac
512 1937 678 2022 civitate
710 1937 842 2022 virum
885 1961 986 2018 con·

26 2114 31 2121 -
57 2048 187 2137 sultre
204 2105 216 2146 ‚
231 2048 292 2134 cl.
309 2046 460 2133 seilicet
474 2051 666 2132 Aletrium
681 2046 984 2165 Symmachum

56 2159 386 2250 Mazzocchium
412 2221 425 2266 ‚
452 2160 571 2252 sacrae
598 2166 881 2277 Neapolitanae
905 2167 982 2246 Ec·

53 2271 182 2360 clefiae
234 2277 495 2362 Canonicum
538 2283 626 2380 ,δι
665 2282 707 2360 in
750 2278 862 2384 regia
899 2269 980 2360 hac

54 2385 329 2475 Univerlitate
368 2387 575 2475 sacrarum
624 2394 839 2479 literarum
881 2417 978 2502 pro-

52 2498 290 2595 fessorem:
329 2527 376 2585 ut
407 2528 476 2603 ore
517 2508 589 2619 qui
628 2508 667 2600 in
703 2501 979 2594 orientalibus

51 2617 184 2701 literis
214 2609 358 2704 versati
390 2646 538 2721 rmus,
569 2645 672 2709 unus
703 2623 736 2712 is
757 2616 874 2718 er'at,
902 2621 977 2733 qui

37 2753 224 2813 omnem
251 2728 472 2820 dubitandi
499 2728 733 2842 scrupulum
755 2735 974 2835 adimeret.

43 2847 141 2928 Nee
172 2844 370 2928 incassum
402 2872 501 2932 uota
531 2850 671 2934 cellere
700 2919 709 2936 .
735 2845 973 2958 Respondit

49 2957 167 3042 enirn
186 2960 295 3042 datis
321 2959 375 3044 ad
401 2966 621 3049 molitoris
649 2959 976 3047 humaniffimus

44 3072 122 3154 Vir
150 3126 162 3168 ,
194 3073 454 3176 Pastritium,
507 3082 619 3181 cujus
657 3078 969 3192 interpretatio·

42 3211 120 3277 nes
165 3182 200 3262 ei
240 3184 580 3293 transmiseram,
627 3195 782 3306 apertis
804 3273 808 3279 ,
827 3187 977 3279 oculis·

42 3288 262 3382 somniasse
289 3299 466 3387 :literas
493 3364 506 3406 ‚
535 3296 639 3417 quas
679 3300 818 3390 roseus
843 3304 963 3394 Pate.

41 3439 106 3509 11ae
128 3409 339 3507 orbiculus
353 3411 625 3526 servat,·alias
651 3420 825 3542 quidem
856 3420 967 3549 §ra-

99 3564 132 3586 “”
570 3573 572 3576 ’
831 3558 909 3632 018,
