2460 4124
648 203 795 312 (⁹⁶)

318 321 467 431 Neque
491 309 547 396 ad
570 317 870 426 quotidianam
898 315 1185 413 Communiu-

264 460 364 521 nem
392 427 740 532 obliterandam,
768 433 909 517 minus
940 430 1185 519 conduxisse

269 549 473 647 videtur,
517 567 611 627 mos
661 549 746 651 ejus
785 538 989 626 servandae
1029 548 1074 630 in
1118 549 1188 633 Al,

264 663 386 748 tari.
428 657 493 741 Ab
519 655 591 739 usu
636 660 751 741 enim
780 653 1068 746 conservandae
1110 665 1190 744 Eu·

266 768 466 860 charistiae
498 800 515 880 ‚¹
552 802 663 885 quam
702 775 883 854 Viaticum
921 778 1031 888 nosiri
1077 780 1188 861 itine-

265 892 358 998 ris(
392 892 488 999 50)
530 909 653 975 vocat
693 885 849 974 Saeculo
880 910 940 970 tv.
989 882 1186 974 Gauden-

1048 1023 1134 1087 trus

276 1176 1159 1218 ””·····”----·-·--------ι-ι-Ι

319 1277 334 1359 l
359 1276 442 1371 50)
488 1276 622 1373 Paganl
639 1279 675 1354 in
701 1305 763 1353 ore
778 1280 1043 1356 Defundorum
1075 1271 1191 1347 Num·

267 1395 371 1445 mum
393 1380 570 1465 quendam
584 1378 792 1471 ingerebant
805 1429 816 1462 ,
828 1401 897 1468 quo
910 1372 1090 1446 Charonti
1105 1392 1186 1463 por·

270 1470 373 1542 titori
410 1469 657 1547 satisfacerent
692 1528 701 1546 .
739 1474 861 1568 Quem
910 1468 1186 1561 superstitiosum

269 1567 480 1657 inanemque
507 1586 638 1641 rnorem
665 1573 883 1645 sanctificare
898 1575 1066 1641 uolentes
1091 1582 1190 1636 vete·

270 1686 328 1759 res
354 1660 479 1735 Patres
495 1718 506 1750 ‚
520 1690 585 1757 pro
615 1691 762 1740 nummo
782 1668 1036 1743 sanctionum
1056 1656 1189 1735 Christi

270 1759 411 1848 Corpus
435 1763 583 1841 mortuis
608 1765 879 1842 ministrabant:
907 1767 988 1840 Haec
1017 1758 1092 1832 luit
1119 1754 1193 1849 opi·

269 1854 332 1930 nio
356 1852 574 1930 eruditiffimi
616 1863 792 1954 Angelia
826 1860 928 1933 Nuce
953 1880 1004 1937 ex,
1044 1861 1192 1929 abbate

269 1951 464 2025 cannensi
489 1957 756 2050 Archiepiscopi
787 1953 1007 2028 Rollanenlrs
1048 1950 1088 2026 in
1114 1949 1193 2024 No·

276 2048 327 2123 tis
346 2055 391 2122 ad
431 2049 641 2126 Chronicon
664 2053 869 2125 Monallerii
905 2049 1083 2120 Clementi
1113 2044 1184 2121 xl.

274 2167 518 2239 nuncupatum
544 2199 553 2221 .
579 2151 650 2222 Cui
674 2151 863 2230 alsentitur
888 2150 1057 2241 Synodus
1082 2143 1194 2216 Iscla·

274 2268 323 2318 na
357 2249 443 2319 anni
480 2257 586 2326 1716.
625 2252 693 2320 sub
728 2251 828 2322 Luca
870 2240 1053 2331 ‘I'ropian't
1081 2239 1193 2317 Rom

274 2345 383 2433 1716.
421 2357 498 2435 pag.
541 2365 620 2434 134.
645 2348 750 2418 Hanc
782 2340 869 2417 verb
906 2341 989 2434 egr‘e
1030 2335 1195 2414 admittit

280 2436 464 2509 Du·Vert
498 2485 510 2524 ‚
547 2441 583 2511 ὅ(
616 2463 685 2536 ego
720 2445 837 2512 secum
878 2443 1024 2511 eandem
1066 2455 1193 2527 aquam

280 2534 427 2604 ebibere
462 2556 576 2608 renuo
612 2587 623 2609 .
653 2540 739 2608 lnde
777 2560 864 2609 vero
906 2557 1033 2606 nomen
1061 2528 1193 2605 viatici

277 2629 436 2703 traxisse·
452 2651 553 2719 putat
587 2629 737 2709 Basilius
775 2630 931 2706 Porcius
972 2653 1018 2706 ex
1044 2621 1194 2704 Familia

279 2725 516 2806 Erenritarum
539 2730 576 2802 S.
591 2728 780 2822 Augustini
802 2733 934 2803 variar.
959 2721 1055 2822 disp.
1081 2719 1191 2819 quast.

280 2847 319 2897 2.
338 2839 429 2922 port.
462 2844 493 2896 1.
520 2847 578 2899 me.
606 2849 638 2900 1.
661 2833 760 2916 quod
787 2827 890 2898 nobis
921 2828 966 2896 ad
996 2822 1111 2895 aliam
1139 2820 1190 2890 vi·

278 2936 356 2993 tam
390 2921 713 3017 commigrantibus
742 2949 805 3015 pro
841 2939 1048 2996 commeatu
1074 2922 1192 2990 effet.

282 3020 497 3103 Huiusmodi
521 3044 648 3092 nomen
677 3017 835 3092 retinuit
860 3018 971 3091 etiam
988 3015 1191 3113 ,postquam

280 3139 418 3190 morem
442 3116 735 3192 communicandi
758 3136 920 3196 mortuos
946 3112 1118 3188 Conciliat
1134 3130 1192 3181 ve·

282 3214 686 3306 tuere,llatueruntque
712 3211 935 3286 Sanuiffimis
961 3231 1087 3285 eorum
1117 3209 1192 3277 sau·

284 3305 462 3382 &ionibus
485 3360 497 3398 ,
522 3333 565 3384 ut
587 3307 828 3385 morientibus
861 3327 1003 3380 tantuna
1022 3298 1192 3378 submini-

285 3405 456 3481 straretur
491 3461 503 3485 .
535 3411 634 3487 Vide
678 3406 883 3487 Concilium
917 3400 1194 3497 Chartagineul‘o

1072 3517 1156 3574 ΠΙ.
