2460 4124
631 220 757 325 (izo

259 333 405 422 ¹dorus
436 319 631 444 Virgilius
664 344 746 425 Lib.
784 227 857 423 ivr.
903 328 954 418 de
998 329 1191 418 inuento·

168 502 171 512 s
275 453 386 540 nbus
411 459 515 558 cupit.
548 480 607 532 12.
644 453 822 564 joannes
851 449 1032 562 Baptista
1061 441 1187 530 Casa·

259 573 380 653 ''livus
408 561 459 644 de
501 564 643 647 ritibus
687 572 885 650 Veterum
929 562 1191 646 Christiano·

277 704 368 766 rum
394 680 455 759 lib.
484 695 520 754 2.
551 682 728 762 Demum
759 677 1192 786 Archangeluslam·

262 791 378 877 berti
426 791 644 872 Romanus
703 793 745 872 in
786 796 935 900 Regno
992 787 1192 896 Regionis

261 901 528 1005 Colchidis,-
564 928 695 1014 quam
730 909 978 986 recentiores
1010 908 1190 1008 Geogra·

272 1017 346 1137 phi
373 1021 622 1126 Mengraliam'
642 1016 876 1128 appellant,
894 1013 1189 1112 MiffiOnariuu

275 1155 324 1215 ut
357 1144 553 1227 vocant,
588 1131 699 1239 apud
740 1158 810 1212 eos
851 1131 1042 1212 homines
1074 1129 1187 1208 ulum

194 1253 196 1257 ’
278 1250 516 1356 ligneorum
559 1245 748 1324 Calicum
782 1245 970 1326 invenisse
1000 1239 1169 1324 scribit·

264 1448 267 1455 ¹
332 1365 390 1439 At
421 1332 670 1463 Dougtireus
705 1355 1086 1440 Eminentiffimum
1118 1357 1191 1437 Bo·

275 1488 375 1556 nam
407 1469 593 1548 nostrum
622 1465 817 1581 sequutus
850 1470 1008 1582 9quod
1052 1465 1191 1550 solem·

274 1605 328 1666 ue
351 1578 478 1662 habet
508 1631 521 1681 ‚
550 1582 621 1663 nili
645 1584 816 1692 quando
863 1585 899 1664 ei
926 1584 1062 1696 placet
1103 1601 1190 1660 cum

266 1697 353 1784 *l'uis
391 1682 608 1804 desipere,
654 1717 819 1805 optaret
861 1694 910 1777 de
952 1694 1113 1803 Ligneis
1149 1695 1189 1775 iii

274 1796 481 1890 Calicibus
505 1800 838 1919 Apostolicorum
865 1808 1062 1894 Virorum
1095 1825 1185 1892 uta·

267 1945 344 2020 .te,
369 1919 556 2003 fideliora
581 1918 816 2008 testimonia
845 1917 1028 2004 exhiberi
1046 1953 1073 2017 ·‚
1104 1926 1191 2003 Ho·

268 2039 448 2118 ‘uorium
482 2061 629 2148 nempe
658 2036 775 2146 quod
807 2033 959 2146 speliat
989 2057 1120 2138 ,non
1152 2026 1192 2117 ili

279 2145 359 2233 lius
405 2147 699 2249 annositatis,
729 2150 791 2232 uel
832 2149 964 2231 aetatis
1001 2145 1059 2231 est
1099 2199 1112 2255 ,
1150 2166 1191 2228 ut

263 2262 362 2368 'eius
391 2258 520 2340 verbis
549 2262 590 2342 in
622 2283 844 2374 utramque
868 2281 1009 2344 aurern
1037 2261 1189 2345 dormi·

277 2396 323 2455 re
352 2369 550 2481 possimus
580 2439 588 2455 .
616 2374 731 2459 Vixit
757 2380 870 2459 enim
902 2371 974 2458 sub
1006 2376 1188 2458 Henricu

277 2483 344 2572 lVi
375 2490 498 2565 Anno
527 2480 703 2569 Domini
733 2511 851 2587 1124.
880 2484 963 2600 Qui
989 2504 1131 2572 autem
1154 2480 1186 2569 ei

218 2635 228 2655 κ
279 2594 410 2680 fidem
436 2585 754 2707 adhibuerunt,
790 2601 834 2684 &
865 2631 941 2687 nor
968 2607 1095 2716 paulo
1124 2599 1184 2685 su·

146 2716 149 2726 '
277 2712 420 2907 petius
446 2711 707 2800 laudavimus
738 2772 751 2822 ‚
785 2741 934 2828 parum
981 2704 1092 2830 penli
1118 2715 1185 2798 ha·

314 2847 448 2926 uere,
487 2827 605 2935 quod
644 2826 725 2914 sine
774 2831 1018 2916 austoritate
1062 2831 1122 2913 nil
1148 2831 1184 2910 in

271 2939 368 3024 lioc
402 2937 602 3026 leribendi
629 2965 775 3050 genere
801 2947 897 3048 licet
924 3000 937 3022 .
968 2938 1091 3026 Unde
1117 2937 1185 3026 nri·

271 3051 324 3138 ‘hi
352 3052 439 3136 haec
467 3051 720 3168 scriptitanti
757 3058 920 3141 veniam
962 3051 1183 3142 dabitue·
1223 3080 1229 3139 ·;

279 3169 371 3252 uor
407 3226 420 3267 ,
453 3164 482 3273 [ι
510 3165 633 3281 spiffis
684 3167 930 3257 testimoniis
973 3183 1183 3283 utramque

280 3283 480 3393 paginam
513 3277 691 3396 impleo:
709 3313 756 3369 ea
783 3284 895 3369 enim
923 3276 981 3368 est
1003 3285 1180 3399 scriptio·

278 3396 341 3477 nis
381 3393 502 3502 hujus
546 3423 696 3484 natura
721 3460 734 3486 .
764 3398 1049 3513 Quamobrem
1066 3419 1179 3602 dgau·

344 3549 346 3552 ·
799 3529 803 3534 ’
949 3576 954 3587 .
1096 3537 1139 3600 er
