2460 4124
564 279 571 288 .
603 234 685 284 .‚o
874 282 876 288 .

193 312 336 415 loque
447 229 1012 388 „orituuntur'celebernma
1044 336 1111 391 ea·

187 411 231 500 sa
261 475 275 518 ‚
302 435 394 526 quae
421 411 524 498 olim
550 412 727 524 Neapoli
774 413 1023 504 Vallestanae
1047 425 1112 506 Bi.

185 528 405 614 bliothecae
449 547 566 612 erant
604 549 857 614 ornamento
886 556 899 608 ε
926 556 1109 645 quorum

186 647 330 730 leones
397 643 630 725 etiamnum
683 632 819 728 servat
870 642 1106 734 Francilcus

182 760 368 849 Valletta
402 757 476 845 Vir
500 751 818 842 humanissimus
845 815 859 861 ‚
891 760 936 840 δι
970 763 1012 846 in
1045 760 1107 849 his

215 871 383 984 raecipue
413 924 426 970 ‚
467 896 559 986 quae
587 868 740 954 studiai
758 870 973 982 literarum
1022 872 1106 990 spe.

180 899 296 1073 itant
331 1038 344 1086 ‚
374 986 502 1071 veluti
533 982 689 1082 Aviti,
729 985 973 1070 ac-Paterni
1016 1013 1103 1077 mo-

177 1103 233 1188 ris
265 1100 512 1202 aemulator,
540 1094 728 1204 juvandis
755 1118 879 1184 natus
909 1101 1100 1189 Amicis.

174 1220 239 1303 Ex
263 1214 328 1299 his
358 1208 587 1297 nonnullos
620 1210 894 1324 excerpsimus
932 1272 946 1317 ‚
990 1238 1097 1331 quor

173 1347 260 1414 una
285 1349 384 1415 cum
399 1326 685 1424 aliislaliorum
707 1319 995 1432 vasculorum,
1011 1356 1101 1446 qoae

170 1445 286 1558 apud
315 1469 382 1529 me
411 1496 424 1544 ‚
453 1443 516 1526 vel
544 1437 654 1554 apud
686 1432 863 1524 Amicos
886 1435 984 1530 sunt
1017 1499 1032 1549 ‚
1060 1449 1098 1531 in

170 1553 318 1645 tabula
362 1552 608 1639 exhibemus
647 1581 661 1635 e
705 1572 754 1640 ut
811 1579 898 1639 uno
941 1560 1095 1643 intuitu

165 1691 299 1784 quam
332 1671 442 1752 varie
468 1666 659 1767 fuerint,
684 1665 729 1746 δι
765 1693 843 1780 pro
879 1670 1096 1782 cujuslibet

166 1780 372 1890 arbitratu
389 1780 569 1891 ⁸diverlae
604 1781 908 1870 Meandrorum
947 1781 1094 1904 specics

163 1898 313 1985 Lector
336 1892 562 2015 inspiciat'⁸
590 1892 755 1979 Tabula
791 1920 852 1982 ιν.

219 2016 284 2097 En
326 2012 456 2123 igitur
501 2008 610 2097 unde
642 2030 742 2092 nata
773 2050 797 2110 ‚-
831 2008 1092 2129 dedustaque

41 2146 44 2151 ’
160 2119 279 2212 fuiffe
303 2125 514 2212 crederem
533 2119 711 2210 obscura·
736 2124 807 2208 illa
842 2131 957 2234 figna
974 2183 987 2229 ,
1004 2153 1093 2244 qua

159 2239 206 2323 in
239 2239 388 2324 nostris
421 2243 588 2331 Patenis
625 2240 1015 2347 Forocorneliensi,
1049 2245 1088 2325 δι

158 2348 370 2439 Abellenfi
397 2411 410 2456 ‚
440 2359 485 2437 &
534 2355 576 2436 in
618 2357 751 2438 altera
786 2357 941 2439 Pateria
976 2362 1090 2441 Etru·

151 2458 221 2550 sca
264 2488 497 2554 occurrunt
524 2531 534 2553 .
558 2464 945 2580 Magn-ur'lnterim
986 2466 1087 2564 mibi

151 2580 232 2663 e'rit
261 2583 420 2696 Apollo
451 2641 466 2685 ,
494 2583 568 2701 qui
595 2602 660 2669 ex·
681 2578 748 2678 hie
774 2580 984 2678 ‚omnibus
1015 2582 1086 2669 alo

151 2696 282 2819 quem
309 2691 472 2782 sensum
499 2755 514 2803 ‚
543 2699 608 2783 vel
631 2693 884 2784 sententiam
908 2696 1081 2786 educere

63 2809 65 2813 ’
153 2809 317 2914 valeat.
639 2832 641 2837 ·

167 2921 403 3015 -Nost'ram
431 2923 530 3013 vero
573 2924 775 3015 Patenam
810 2919 984 3036 preffiis
1024 2923 1084 3012 io·

144 3031 436 3154 l'picientibus‚
461 3040 653 3158 quaedam
679 3044 768 3129 aliae
795 3036 982 3152 parvulae
1007 3065 1079 3127 no·

147 3175 203 3249 tae
246 3172 476 3255 occurrunt
519 3164 562 3241 in
586 3155 754 3244 Limbo
779 3156 911 3268 panni
944 3211 959 3258 ‚
991 3179 1077 3267 quo

145 3271 335 3383 operitur
361 3270 502 3357 Mensa
529 3328 542 3374 ,
575 3272 695 3392 supra
721 3293 851 3388 quam
879 3262 1074 3388 mysticos

144 3382 215 3500 ille
239 3385 385 3502 Agnus
406 3383 581 3512 quiescit
604 3445 619 3479 .
656 3392 703 3479 lo
719 3385 890 3508 prime
914 3384 1069 3585 ligeole

321 3521 347 3530 ‘·
986 3522 1019 3586 ae
