2460 4124
51 357 180 469 rr‘legir'
220 247 464 441 -Dacberiang'
512 408 551 428 -·
566 250 780 442 )Amrrlcrrio
824 358 977 473 Presby-

52 499 131 561 tero
156 464 351 581 Capsulam
387 502 498 554 unam
526 500 744 555 communem
768 469 813 553 de
829 473 980 581 serim
1059 490 1062 495 ’

54 588 155 670 idem
187 587 455 684 peristerium,
489 588 533 665 &
566 579 819 667 Columbam
849 613 980 694 argen·

57 723 154 781 tram
202 695 253 774 trd
280 692 538 807 Repofitrrirm
567 700 645 797 do,
687 697 731 789 (r
759 700 836 809 lego
864 743 904 762 ··
933 699 982 779 ln

55 807 270 895 nonnullis
297 807 480 890 Paraeciis
509 816 719 918 Pagorum
749 814 765 916 (
780 806 980 923 quando·
1064 835 1068 843 ’

56 920 231 1036 quidem
261 921 325 1000 vel
352 920 497 1003 nullibi
517 981 529 1025 ,
546 925 608 1006 vel
626 919 781 1007 ibidem
811 942 982 1004 tantum

58 1038 270 1141 majorum
299 1027 535 1117 nostrorum
579 1033 896 1120 conruetudines
926 1030 980 1115 ab
1072 1028 1075 1033 ’

56 1169 339 1231 recentrorum
366 1152 572 1258 prurigine
603 1151 748 1234 omnia
778 1151 984 1230 innovan-

58 1263 104 1343 d'r
139 1317 152 1361 ‚
192 1263 397 1344 immunes
442 1264 598 1345 diutius
634 1261 872 1371 servantur)
899 1268 979 1373 pro

58 1374 230 1458 Columba
256 1376 480 1458 Pellicar'rum
511 1371 594 1456 vidi
608 1404 619 1471 ;
636 1397 853 1486 unumque
878 1399 985 1485 pra·-

61 1487 184 1597 cipue
212 1489 471 1599 saponariae‚
500 1514 593 1601 quae
620 1490 709 1572 anti
745 1510 844 1570 uum
871 1491 982 1568 Gru-

62 1619 262 1685 mentum
296 1595 376 1682 fuit
401 1660 414 1705 ,
443 1605 485 1684 in
508 1603 690 1689 Lucania
712 1515 837 1716 {uper
864 1603 984 1685 Alta·

59 1740 104 1797 re
132 1707 369 1795 Monasterii
401 1719 614 1799 sacrarum
646 1716 868 1824 virginum
902 1716 985 1796 Or·
1119 1779 1122 1784 .

61 1825 173 1911 dinis
203 1823 450 1911 Benediffini
480 1887 493 1933 ,
535 1852 624 1912 tam
649 1826 747 1912 scite
786 1827 940 1912 fastum
971 1850 985 1918 ὅ

64 1964 113 2022 ut
141 1939 244 2050 pulli
285 1940 506 2053 implumes
539 1934 817 2050 sanguinem,
845 1961 893 2021 ut
920 1938 985 2022 fa·

62 2055 287 2155 bulamur,
303 2055 329 2138 ’ὲ
346 2059 475 2140 Patris
503 2058 663 2168 pemore
694 2050 882 2162 sugentes
908 2071 1007 2161 pto·

61 2165 286 2256 manubrio
328 2165 409 2252 fint
451 2167 506 2253 ad
548 2162 820 2280 operiendum
857 2160 988 2244 ostio·
1037 2160 1041 2165 ’

59 2285 182 2382 lum,
207 2304 257 2360 ex
284 2305 371 2390 quo
394 2279 449 2370 ad
469 2277 766 2364 Sanffiffimam
794 2273 986 2364 Hostiam

93 2416 182 2479 atet
209 2390 385 2480 acceffus
422 2454 433 2476 .
470 2402 527 2483 Ut
555 2393 782 2510 plurimum
810 2391 986 2476 Colum·

62 2427 127 2598 Ex
164 2531 337 2612 aureae,
369 2511 433 2593 vel
478 2528 683 2620 argenteae
724 2503 983 2592 incubabant

66 2624 340 2725 Turriculis,
371 2625 453 2731 jam
480 2619 678 2742 praedistis
710 2674 722 2704 .
749 2618 985 2706 Anastafius

68 2731 415 2826 Bibliothecarius
445 2738 487 2820 in
516 2737 682 2821 Hilario
716 2762 729 2818 τ
761 2782 798 2803 -·
823 2742 987 2824 Turrem

67 2876 280 2959 argenteam
322 2882 405 2936 crrm
429 2852 607 2967 delphinis
635 2907 648 2949 ,
675 2847 886 2965 perstantem
916 2849 985 2927 Li-

64 2963 153 3049 bras
175 2963 413 3079 sexaginta,
435 2963 644 3050 columbam
665 2986 813 3047 auream
835 2955 988 3073 pensar-

62 3100 142 3160 tem
167 3075 283 3163 libras
313 3081 403 3162 duas
426 3123 462 3148 ··
488 3076 653 3188 fignum
695 3093 836 3155 autem
869 3087 988 3153 erant

64 3186 243 3302 Spiritus
270 3187 403 3274 sansti
428 3255 436 3276 .
472 3195 523 3274 Et
547 3187 632 3271 hoc
655 3183 713 3270 est
732 3242 746 3289 ‚
767 3180 894 3299 quod
921 3206 988 3289 ref
1030 3273 1035 3283 ‚

62 3301 201 3418 spexit
244 3305 283 3388 8.
312 3306 496 3416 joannes
544 3295 864 3418 chrysostomus
911 3296 989 3376 Hr·

66 3420 144 3504 rm'l.
193 3443 259 3518 31.
311 3420 365 3506 ad
397 3423 482 3535 Pop.
513 3417 777 3620 Apertiocbenurh
805 3466 831 3520 2,
881 3426 983 3537 {um

590 3551 623 3630 4
869 3540 931 3606 art
